7161 5839
2292 456 480 221 wesen,
2628 456 336 221 und
2820 456 288 221 Er
2964 456 480 221 dahero
3300 456 432 221 alles
3540 456 192 221 am

2314 613 315 150 10t
2494 613 315 150 und
2674 613 315 150 11t
2855 613 315 150 vom
3035 613 451 150 Statt,
3350 613 315 150 und
3486 613 270 150 amts

2309 713 429 161 orthen
2610 713 687 161 eingenommene
3168 713 344 161 auch
3383 713 258 161 in
3468 713 301 161 Cassa

2308 803 530 153 Befindl.
2706 803 354 153 geld
2927 803 309 153 von
3103 803 486 153 Bischer
3413 803 309 153 cour¬

2303 908 428 178 hirten
2603 908 556 178 Caroliney
3031 908 299 178 und
3202 908 342 178 habe
3373 908 342 178 gelden

2285 1007 382 124 Sec,
2524 1007 335 124 den
2715 1007 382 124 11te
2954 1007 335 124 und
3145 1007 335 124 125
3337 1007 335 124 bey
3480 1007 239 124 dem

2295 1110 360 163 ord:
2520 1110 450 163 botten
2835 1110 315 163 und
3015 1110 405 163 einem
3239 1110 450 163 Expresse

2310 1211 241 160 an
2430 1211 321 160 ihre
2631 1211 441 160 Behörte
2951 1211 601 160 einschicken
3392 1211 321 160 wollen

2285 1303 286 160 So
2428 1303 381 160 habe
2666 1303 381 160 mann
2904 1303 381 160 zwar
3142 1303 333 160 bey
3285 1303 428 160 Hochlöb

2272 1401 664 154 Landschafft
2803 1401 399 154 etwas
3069 1401 310 154 bey
3246 1401 310 154 dem
3379 1401 310 154 Löbl.

2287 1495 590 185 Löchischen
2708 1495 1054 185 ober-Krirgs-Commissario

2313 1594 365 182 aber
2542 1594 319 182 gar
2724 1594 456 182 nichts
3044 1594 411 182 davon
3272 1594 456 182 angenom¬

2257 1701 472 159 men,
2552 1701 413 159 wie
2788 1701 472 159 dann
3084 1701 413 159 bey
3261 1701 413 159 einem

2246 1808 310 172 sub
2423 1808 532 172 hodierno
2822 1808 266 172 in
2955 1808 310 172 bey
3133 1808 355 172 seyn
3354 1808 222 172 H
3399 1808 310 172 Chri¬

2271 1907 384 178 stoph
2527 1907 384 178 Hosen
2783 1907 427 178 Bürgl.
3082 1907 427 178 dahder
3338 1907 341 178 vorge¬

2281 2010 449 180 nomenen
2608 2010 368 180 Sturz
2853 2010 286 180 der
3017 2010 572 180 Amtspfleig
3425 2010 286 180 Cassa

2277 2128 453 175 annoch
2594 2128 498 175 zugegen
2956 2128 544 175 erfunden
3319 2128 362 175 worden

2533 2265 636 177 Münz:

2128 2378 296 187 10.
2297 2378 339 187 Mag.
2509 2378 381 187 Halbe
2763 2378 423 187 gulden
3059 2378 212 187 a
3143 2378 254 187 10
3228 2378 254 187 thlr

3071 2483 333 146 006
3262 2483 333 146 Mt.
3405 2483 190 146 2.

2158 2543 308 199 1.
2312 2543 410 199 Rag:
2568 2543 461 199 dito.
2824 2543 205 199 a.

3060 2567 488 178 35
3222 2567 326 178 fl

2660 2678 438 157 gold:

2155 2807 261 197 1.
2285 2807 348 197 Rag.
2502 2807 391 197 ganzi
2763 2807 304 197 und
2937 2807 391 197 halbe
3154 2807 478 197 Caroliner

2244 2959 332 94 a
2310 2959 199 94 O

3022 2944 517 171 522fl
3366 2944 344 171 30
3481 2944 172 171 x

2203 3070 479 150 Und
2476 3070 410 150 in
2613 3070 547 150 Summa.

2499 3199 696 193 1357
2934 3199 522 193 fl
3108 3199 348 193 30

2213 3415 472 167 Welches
2556 3415 343 167 geld
2771 3415 343 167 nach
2985 3415 300 167 der
3114 3415 558 167 geschehenen

2239 3512 709 158 devalvation
2806 3512 426 158 einen
3090 3512 473 158 abgang
3374 3512 378 158 verur¬

2227 3610 582 144 sachet,
2651 3610 371 144 und
2862 3610 424 144 zwar
3074 3610 318 144 Bey¬

2164 3707 403 173 denen
2433 3707 671 173 AlberSorten
2969 3707 224 173 a
3059 3707 313 173 10.
3238 3707 313 173 pro
3372 3707 313 173 Cento

2077 3818 518 141 As.

2755 3831 440 158 13
2975 3831 440 158 fl
3195 3831 440 158 30
3341 3831 220 158 x

2240 3921 325 152 Und
2425 3921 418 152 andem
2704 3921 418 152 golda
2936 3921 186 152 5.

2230 4011 606 169 procento
2684 4011 303 169 L.
2836 4011 253 169 .
2937 4011 303 169 26
3088 4011 354 169 fl.
3290 4011 404 169 7.x.
3492 4011 202 169 3.

3263 4105 420 116 68

2190 4161 624 160 zusamen
2644 4161 454 160 aber
2928 4161 454 160 eine
3212 4161 397 160 Sam
3382 4161 284 160 von

2254 4253 337 167 D.
2422 4253 786 167 finsundert
3040 4253 449 167 neun
3264 4253 449 167 gulden

2993 4364 453 157 37
3219 4364 378 157 x
3295 4364 378 157 3Hl

2136 4506 339 169 Da
2305 4506 451 169 mann
2587 4506 395 169 nun
2813 4506 395 169 vor
2982 4506 677 169 allerdings

2214 4615 583 154 ohnmöglich
2672 4615 500 154 erachtet
3047 4615 333 154 auff
3255 4615 291 154 den
3380 4615 333 154 Grund¬

2181 4720 661 154 zukommen,
2689 4720 356 154 von
2893 4720 559 154 welchen
3248 4720 407 154 Orthen

2211 4812 318 163 das
2392 4812 591 163 besondere
2847 4812 637 163 disegelder
3302 4812 409 163 Serivi¬

2214 4915 339 163 ren
2407 4915 581 163 möchten,
2843 4915 290 163 da
2988 4915 581 163 zumahlen
3376 4915 290 163 über

2222 5013 319 161 1100
2421 5013 279 161 fl.
2581 5013 279 161 bey
2740 5013 438 161 Hfrstl.
3019 5013 677 161 Landschreuberey

2193 5110 653 161 undhlöbl.
2695 5110 653 161 Landschl.
3147 5110 502 161 anderley

6298 381 404 165 61

5152 516 483 197 Sorten
5490 516 483 197 annoch
5828 516 677 197 angenommen
6312 516 435 197 worden;

5175 658 261 163 So
5306 658 305 163 ist
5480 658 348 163 mann
5698 658 523 163 schlüßig
6090 658 479 163 worden,
6395 658 305 163 disen

5204 754 534 159 Verlust
5593 754 631 159 gemeinsam
6030 754 680 159 zuübernehmen

5189 857 328 150 und
5376 857 328 150 hat
5564 857 655 150 verordnet,
6079 857 328 150 daß
6219 857 515 150 derselbe,

5182 953 326 133 weil
5386 953 285 133 das
5549 953 326 133 geld
5752 953 570 133 anverwirts
6200 953 448 133 anderst
6485 953 285 133 nicht

5177 1031 731 190 unterzubring
5771 1031 548 190 mitidem.
6183 1031 320 190 109
6366 1031 274 190 fl
6503 1031 274 190 37
6594 1031 183 190 x3

5180 1114 258 201 in
5309 1114 300 201 der
5481 1114 601 201 amtspfleeg
5953 1114 429 201 Rechl.
6253 1114 472 201 abgangs
6553 1114 215 201 ver

5184 1213 545 180 rechnet
5581 1213 496 180 werden
5878 1213 397 180 dörfe.

4940 1504 485 199 Wegen
5264 1504 755 199 Aegulirung
5857 1504 701 199 dergedgst
6342 1504 377 199 anbe¬

5166 1641 563 152 fohlenen
5588 1641 797 152 Rhuzetamillen
6244 1641 328 152 und
6385 1641 375 152 vermö¬

5171 1729 369 148 gens
5402 1729 415 148 Steur
5679 1729 415 148 werde
5955 1729 369 148 dato
6140 1729 600 148 deliberiret

5187 1815 295 184 ob
5334 1815 344 184 und
5531 1815 344 184 wie
5727 1815 393 184 mann
5973 1815 442 184 damit
6219 1815 491 184 fürgehen

5174 1905 469 160 solle?
5503 1905 282 160 so
5643 1905 376 160 fort
5878 1905 610 160 daraufhin
6301 1905 422 160 gemein¬

5196 2016 522 159 schafftl.
5598 2016 683 159 abgeschloßen,
6160 2016 281 159 daß
6321 2016 241 159 um
6401 2016 322 159 vieler

5176 2115 665 156 besonderer
5698 2115 760 156 vorwaltender
6267 2115 475 156 Umstände

5191 2217 493 140 willen,
5550 2217 314 140 und
5729 2217 448 140 weilen
6043 2217 538 140 zumahlen
6401 2217 359 140 theils

5158 2318 375 165 Stätt
5408 2318 291 165 und
5575 2318 375 165 ämter
5824 2318 250 165 in
5949 2318 291 165 der
6074 2318 666 165 Nachbarschafft

5169 2432 438 152 welche
5476 2432 394 152 schon
5738 2432 306 152 zum
5913 2432 394 152 weeck
6132 2432 613 152 geschritten,

5148 2505 367 203 damit
5393 2505 571 203 innhalten,
5842 2505 408 203 theils
6128 2505 327 203 aber
6332 2505 327 203 auch
6495 2505 245 203 noch

5150 2644 290 178 gar
5315 2644 373 178 nicht
5564 2644 373 178 damit
5813 2644 497 178 angefang
6186 2644 414 178 haben,
6434 2644 332 178 selbi¬

5178 2753 300 184 ges
5350 2753 300 184 diß
5521 2753 343 184 orts
5735 2753 557 184 ebenmäßig
6164 2753 257 184 so
6293 2753 343 184 lang
6464 2753 300 184 Aiti¬

5174 2854 326 188 ren
5361 2854 465 188 wolle,
5686 2854 326 188 biß
5872 2854 558 188 entweder
6245 2854 465 188 güdgstes

5144 2961 686 152 Monitorium
5683 2961 735 152 einlauffen,
6270 2961 392 152 oder
6466 2961 294 152 mann

5165 3049 384 167 aber
5405 3049 288 167 in
5549 3049 623 167 Erfahrung
6028 3049 527 167 bringen
6364 3049 384 167 werde,

5132 3141 355 156 daß
5335 3141 406 156 auch
5589 3141 507 156 andere
5944 3141 456 156 Stätt
6248 3141 355 156 und
6400 3141 355 156 uuter

5105 3237 522 170 damit
5395 3237 812 170 continuiren.

5022 3561 520 195 Demnach
5400 3561 378 195 Ihro
5636 3561 473 195 Gnaten
5967 3561 331 195 der
6156 3561 378 195 Herr
6345 3561 425 195 Länder-

5155 3681 362 148 Herr
5381 3681 317 148 und
5562 3681 725 148 Forstmeister
6151 3681 272 148 zu
6287 3681 408 148 Urach
6514 3681 226 148 ein

5144 3767 581 154 Schreiben
5592 3767 268 154 an
5726 3767 447 154 hiesig
6039 3767 403 154 löbl.
6262 3767 403 154 vogtamt

5183 3848 438 180 ergehen
5502 3848 398 180 lasen,
5781 3848 279 180 was
5940 3848 518 180 gestalten
6339 3848 279 180 die
6458 3848 319 180 Beuer¬

5154 3957 322 144 ner
5338 3957 413 144 Staig
5613 3957 459 144 weyler
5935 3957 276 144 zu
6073 3957 276 144 so
6211 3957 368 144 sehr
6394 3957 276 144 übel

5164 4056 255 143 un
5291 4056 298 143 ihr
5461 4056 340 143 euge
5674 4056 425 143 willen
5971 4056 255 143 zu
6099 4056 510 143 fassiren
6439 4056 298 143 seye,

5159 4141 405 165 dahero
5443 4141 405 165 nöthig
5727 4141 324 165 seyn
5929 4141 486 165 dorffte,
6294 4141 284 165 daß
6416 4141 324 165 solche

5163 4238 300 163 und
5334 4238 257 163 2.
5463 4238 342 163 bist
5677 4238 257 163 2.
5805 4238 385 163 schue
6062 4238 556 163 erweitert
6447 4238 300 163 werde

5138 4336 514 170 damit,
5497 4336 411 170 wann
5754 4336 719 170 Brenissimu
6319 4336 360 170 von
6473 4336 257 170 der

5162 4441 352 163 Stad
5382 4441 396 163 Urach
5646 4441 264 163 zu
5778 4441 352 163 sich
5998 4441 484 163 verfug,
6306 4441 396 163 selbige

5142 4531 536 168 behörig
5532 4531 634 168 gebraucht
6020 4531 487 168 werden
6312 4531 390 168 könne,

5145 4617 320 169 wie
5328 4617 366 169 dann
5557 4617 412 169 gedl.
5832 4617 412 169 Herrn
6061 4617 686 169 Forstmeisters

5146 4724 385 165 Gnade
5403 4724 385 165 nicht
5660 4724 299 165 nur
5831 4724 428 165 allein
6130 4724 299 165 die
6259 4724 513 165 Bestellung

5157 4812 302 163 der
5329 4812 431 163 Sache,
5631 4812 474 163 sondern
5975 4812 345 163 auch
6191 4812 258 163 im
6277 4812 517 163 Unterblei¬

5139 4915 394 163 bungs
5402 4915 307 163 die
5577 4915 789 163 Verantworttung
6234 4915 394 163 lobl.
6453 4915 307 163 vogt¬

5128 5020 387 158 amt
5349 5020 720 158 überlasen
5903 5020 498 158 haben
6179 5020 443 158 wollen
