<?xml version="1.0" encoding="UTF-8"?>
<alto xmlns:xsi="http://www.w3.org/2001/XMLSchema-instance"
      xmlns="http://www.loc.gov/standards/alto/ns-v4#"
      xmlns:xs="http://www.w3.org/2001/XMLSchema"
      xmlns:xd="http://www.oxygenxml.com/ns/doc/xsl"
      xmlns:page="http://schema.primaresearch.org/PAGE/gts/pagecontent/2013-07-15"
      xmlns:map="http://www.w3.org/2005/xpath-functions/map"
      xmlns:local="local"
      xsi:schemaLocation="http://www.loc.gov/standards/alto/ns-v4# https://www.loc.gov/standards/alto/v4/alto.xsd">
   <Description>
      <MeasurementUnit>pixel</MeasurementUnit>
      <sourceImageInformation>
         <fileName>80067885.jpg</fileName>
      </sourceImageInformation>
      <Processing ID="IdOcr">
         <processingDateTime>2024-12-15T16:28:42.772+01:00</processingDateTime>
         <processingSoftware>
            <softwareCreator>READ COOP</softwareCreator>
            <softwareName>Transkribus</softwareName>
         </processingSoftware>
      </Processing>
   </Description>
   <Styles>
      <TextStyle ID="ID_bold" FONTSTYLE="bold"/>
      <TextStyle ID="ID_italics" FONTSTYLE="italics"/>
      <TextStyle ID="ID_smallcaps" FONTSTYLE="smallcaps"/>
      <TextStyle ID="ID_strikethrough" FONTSTYLE="strikethrough"/>
      <TextStyle ID="ID_subscript" FONTSTYLE="subscript"/>
      <TextStyle ID="ID_superscript" FONTSTYLE="superscript"/>
      <TextStyle ID="ID_underline" FONTSTYLE="underline"/>
   </Styles>
   <Tags>
      <NamedEntityTag ID="Tag_tr_2_tl_37_0_18_per"
                      LABEL="Hr Amtspf. Seybold"
                      TYPE="person"/>
   </Tags>
   <Layout>
      <Page ID="Page105" PHYSICAL_IMG_NR="105" HEIGHT="5838" WIDTH="7318">
         <TopMargin HEIGHT="0" WIDTH="7318" VPOS="0" HPOS="0"/>
         <LeftMargin HEIGHT="5838" WIDTH="0" VPOS="0" HPOS="0"/>
         <RightMargin HEIGHT="5838" WIDTH="0" VPOS="0" HPOS="7318"/>
         <BottomMargin HEIGHT="0" WIDTH="7318" VPOS="5838" HPOS="0"/>
         <PrintSpace HEIGHT="5838" WIDTH="7318" VPOS="0" HPOS="0">
            <TextBlock ID="tr_1" HEIGHT="4693" WIDTH="1713" VPOS="562" HPOS="2005">
               <Shape>
                  <Polygon POINTS="2005,562 2005,5255 3718,5255 3718,562"/>
               </Shape>
               <TextLine ID="tr_1_tl_1"
                         BASELINE="2286,608 2355,613 2425,617 2495,620 2565,619 2635,615 2705,614 2774,617 2844,620 2914,620 2984,625 3054,629 3124,632 3194,632 3263,632 3333,632 3403,632 3473,632 3543,632 3613,637 3683,644"
                         HEIGHT="219"
                         WIDTH="1407"
                         VPOS="476"
                         HPOS="2273">
                  <String HEIGHT="219"
                          WIDTH="291"
                          VPOS="476"
                          HPOS="2224"
                          CONTENT="so"/>
                  <SP HEIGHT="219" WIDTH="49" VPOS="476" HPOS="2516"/>
                  <String HEIGHT="219"
                          WIDTH="388"
                          VPOS="476"
                          HPOS="2370"
                          CONTENT="fort"/>
                  <SP HEIGHT="219" WIDTH="49" VPOS="476" HPOS="2758"/>
                  <String HEIGHT="219"
                          WIDTH="582"
                          VPOS="476"
                          HPOS="2613"
                          CONTENT="dieselbe"/>
                  <SP HEIGHT="219" WIDTH="49" VPOS="476" HPOS="3195"/>
                  <String HEIGHT="219"
                          WIDTH="437"
                          VPOS="476"
                          HPOS="3049"
                          CONTENT="unter"/>
                  <SP HEIGHT="219" WIDTH="49" VPOS="476" HPOS="3486"/>
                  <String HEIGHT="219"
                          WIDTH="388"
                          VPOS="476"
                          HPOS="3292"
                          CONTENT="genug"
                          SUBS_TYPE="HypPart1"
                          SUBS_CONTENT="genugsainen"/>
                  <HYP CONTENT="¬"/>
               </TextLine>
               <TextLine ID="tr_1_tl_2"
                         BASELINE="2274,704 2343,704 2413,704 2483,706 2553,710 2623,710 2693,710 2762,710 2832,710 2902,710 2972,710 3042,713 3112,718 3182,722 3251,722 3321,718 3391,716 3461,718 3531,722 3601,727 3671,716"
                         HEIGHT="184"
                         WIDTH="1403"
                         VPOS="623"
                         HPOS="2262">
                  <String HEIGHT="184"
                          WIDTH="484"
                          VPOS="623"
                          HPOS="2214"
                          CONTENT="sainen"
                          SUBS_TYPE="HypPart2"
                          SUBS_CONTENT="genugsainen"/>
                  <SP HEIGHT="184" WIDTH="48" VPOS="623" HPOS="2697"/>
                  <String HEIGHT="184"
                          WIDTH="629"
                          VPOS="623"
                          HPOS="2552"
                          CONTENT="Obleuthen"/>
                  <SP HEIGHT="184" WIDTH="48" VPOS="623" HPOS="3181"/>
                  <String HEIGHT="184"
                          WIDTH="339"
                          VPOS="623"
                          HPOS="3036"
                          CONTENT="und"/>
                  <SP HEIGHT="184" WIDTH="48" VPOS="623" HPOS="3375"/>
                  <String HEIGHT="184"
                          WIDTH="484"
                          VPOS="623"
                          HPOS="3181"
                          CONTENT="gebencer"/>
               </TextLine>
               <TextLine ID="tr_1_tl_3"
                         BASELINE="2286,811 2353,806 2421,808 2489,811 2557,811 2624,811 2692,814 2760,819 2828,823 2895,823 2963,826 3031,829 3099,829 3166,829 3234,833 3302,835 3370,836 3437,840 3505,841 3573,843 3641,847"
                         HEIGHT="194"
                         WIDTH="1360"
                         VPOS="735"
                         HPOS="2273">
                  <String HEIGHT="194"
                          WIDTH="631"
                          VPOS="735"
                          HPOS="2224"
                          CONTENT="anweisung"/>
                  <SP HEIGHT="194" WIDTH="49" VPOS="735" HPOS="2856"/>
                  <String HEIGHT="194"
                          WIDTH="631"
                          VPOS="735"
                          HPOS="2710"
                          CONTENT="ausrucden"/>
                  <SP HEIGHT="194" WIDTH="49" VPOS="735" HPOS="3342"/>
                  <String HEIGHT="194"
                          WIDTH="486"
                          VPOS="735"
                          HPOS="3147"
                          CONTENT="zulaßen."/>
               </TextLine>
               <TextLine ID="tr_1_tl_4"
                         BASELINE="2053,990 2130,987 2207,978 2284,978 2361,984 2438,984 2515,986 2592,990 2669,990 2746,995 2823,1000 2900,1006 2977,1008 3054,1008 3131,1009 3208,1014 3285,1009 3362,1008 3439,1012 3516,1011 3593,1008"
                         HEIGHT="212"
                         WIDTH="1550"
                         VPOS="845"
                         HPOS="2039">
                  <String HEIGHT="212"
                          WIDTH="300"
                          VPOS="845"
                          HPOS="1989"
                          CONTENT="2."/>
                  <SP HEIGHT="212" WIDTH="50" VPOS="845" HPOS="2289"/>
                  <String HEIGHT="212"
                          WIDTH="450"
                          VPOS="845"
                          HPOS="2139"
                          CONTENT="Solle"/>
                  <SP HEIGHT="212" WIDTH="50" VPOS="845" HPOS="2589"/>
                  <String HEIGHT="212"
                          WIDTH="300"
                          VPOS="845"
                          HPOS="2439"
                          CONTENT="so"/>
                  <SP HEIGHT="212" WIDTH="50" VPOS="845" HPOS="2739"/>
                  <String HEIGHT="212"
                          WIDTH="400"
                          VPOS="845"
                          HPOS="2589"
                          CONTENT="wohl"/>
                  <SP HEIGHT="212" WIDTH="50" VPOS="845" HPOS="2989"/>
                  <String HEIGHT="212"
                          WIDTH="450"
                          VPOS="845"
                          HPOS="2839"
                          CONTENT="denen"/>
                  <SP HEIGHT="212" WIDTH="50" VPOS="845" HPOS="3289"/>
                  <String HEIGHT="212"
                          WIDTH="500"
                          VPOS="845"
                          HPOS="3089"
                          CONTENT="Obleuthe"/>
               </TextLine>
               <TextLine ID="tr_1_tl_5"
                         BASELINE="2310,1068 2380,1068 2450,1071 2521,1074 2591,1074 2662,1074 2732,1078 2802,1083 2873,1088 2943,1092 3014,1097 3084,1102 3154,1101 3225,1098 3295,1098 3366,1103 3436,1104 3506,1102 3577,1099 3647,1104 3718,1092"
                         HEIGHT="181"
                         WIDTH="1417"
                         VPOS="990"
                         HPOS="2298">
                  <String HEIGHT="181"
                          WIDTH="261"
                          VPOS="990"
                          HPOS="2261"
                          CONTENT="als"/>
                  <SP HEIGHT="181" WIDTH="37" VPOS="990" HPOS="2522"/>
                  <String HEIGHT="181"
                          WIDTH="261"
                          VPOS="990"
                          HPOS="2410"
                          CONTENT="der"/>
                  <SP HEIGHT="181" WIDTH="37" VPOS="990" HPOS="2671"/>
                  <String HEIGHT="181"
                          WIDTH="559"
                          VPOS="990"
                          HPOS="2559"
                          CONTENT="Mannschafft"/>
                  <SP HEIGHT="181" WIDTH="37" VPOS="990" HPOS="3118"/>
                  <String HEIGHT="181"
                          WIDTH="298"
                          VPOS="990"
                          HPOS="3007"
                          CONTENT="auff"/>
                  <SP HEIGHT="181" WIDTH="37" VPOS="990" HPOS="3305"/>
                  <String HEIGHT="181"
                          WIDTH="261"
                          VPOS="990"
                          HPOS="3193"
                          CONTENT="das"/>
                  <SP HEIGHT="181" WIDTH="37" VPOS="990" HPOS="3454"/>
                  <String HEIGHT="181"
                          WIDTH="410"
                          VPOS="990"
                          HPOS="3305"
                          CONTENT="schörffen"/>
               </TextLine>
               <TextLine ID="tr_1_tl_6"
                         BASELINE="2310,1193 2376,1183 2443,1178 2510,1177 2577,1181 2644,1181 2711,1181 2777,1183 2844,1187 2911,1192 2978,1193 3045,1193 3112,1193 3179,1193 3245,1193 3312,1193 3379,1193 3446,1188 3513,1187 3580,1184 3647,1175"
                         HEIGHT="177"
                         WIDTH="1346"
                         VPOS="1093"
                         HPOS="2298">
                  <String HEIGHT="177"
                          WIDTH="294"
                          VPOS="1093"
                          HPOS="2256"
                          CONTENT="ste"/>
                  <SP HEIGHT="177" WIDTH="42" VPOS="1093" HPOS="2550"/>
                  <String HEIGHT="177"
                          WIDTH="294"
                          VPOS="1093"
                          HPOS="2424"
                          CONTENT="und"/>
                  <SP HEIGHT="177" WIDTH="42" VPOS="1093" HPOS="2719"/>
                  <String HEIGHT="177"
                          WIDTH="337"
                          VPOS="1093"
                          HPOS="2592"
                          CONTENT="besy"/>
                  <SP HEIGHT="177" WIDTH="42" VPOS="1093" HPOS="2929"/>
                  <String HEIGHT="177"
                          WIDTH="589"
                          VPOS="1093"
                          HPOS="2803"
                          CONTENT="zubefahren"/>
                  <SP HEIGHT="177" WIDTH="42" VPOS="1093" HPOS="3392"/>
                  <String HEIGHT="177"
                          WIDTH="421"
                          VPOS="1093"
                          HPOS="3223"
                          CONTENT="habender"/>
               </TextLine>
               <TextLine ID="tr_1_tl_7"
                         BASELINE="2298,1271 2364,1275 2431,1280 2497,1284 2564,1289 2630,1285 2697,1286 2763,1290 2830,1295 2896,1295 2963,1295 3030,1295 3096,1295 3163,1291 3229,1289 3296,1289 3362,1289 3429,1289 3495,1289 3562,1289 3629,1289"
                         HEIGHT="181"
                         WIDTH="1336"
                         VPOS="1184"
                         HPOS="2287">
                  <String HEIGHT="181"
                          WIDTH="585"
                          VPOS="1184"
                          HPOS="2245"
                          CONTENT="empfindler"/>
                  <SP HEIGHT="181" WIDTH="42" VPOS="1184" HPOS="2830"/>
                  <String HEIGHT="181"
                          WIDTH="626"
                          VPOS="1184"
                          HPOS="2705"
                          CONTENT="Bestraffung"/>
                  <SP HEIGHT="181" WIDTH="42" VPOS="1184" HPOS="3331"/>
                  <String HEIGHT="181"
                          WIDTH="459"
                          VPOS="1184"
                          HPOS="3164"
                          CONTENT="injungirt"/>
               </TextLine>
               <TextLine ID="tr_1_tl_8"
                         BASELINE="2304,1378 2370,1384 2436,1384 2502,1384 2569,1384 2635,1384 2701,1384 2767,1384 2834,1384 2900,1384 2966,1384 3032,1384 3099,1384 3165,1384 3231,1384 3297,1384 3364,1384 3430,1379 3496,1378 3562,1376 3629,1372"
                         HEIGHT="160"
                         WIDTH="1331"
                         VPOS="1293"
                         HPOS="2292">
                  <String HEIGHT="160"
                          WIDTH="505"
                          VPOS="1293"
                          HPOS="2246"
                          CONTENT="werden,"/>
                  <SP HEIGHT="160" WIDTH="46" VPOS="1293" HPOS="2751"/>
                  <String HEIGHT="160"
                          WIDTH="321"
                          VPOS="1293"
                          HPOS="2613"
                          CONTENT="daß"/>
                  <SP HEIGHT="160" WIDTH="46" VPOS="1293" HPOS="2935"/>
                  <String HEIGHT="160"
                          WIDTH="413"
                          VPOS="1293"
                          HPOS="2797"
                          CONTENT="siein"/>
                  <SP HEIGHT="160" WIDTH="46" VPOS="1293" HPOS="3210"/>
                  <String HEIGHT="160"
                          WIDTH="413"
                          VPOS="1293"
                          HPOS="3072"
                          CONTENT="diser"/>
                  <SP HEIGHT="160" WIDTH="46" VPOS="1293" HPOS="3485"/>
                  <String HEIGHT="160"
                          WIDTH="321"
                          VPOS="1293"
                          HPOS="3302"
                          CONTENT="anbe"
                          SUBS_TYPE="HypPart1"
                          SUBS_CONTENT="anbefohlenen"/>
                  <HYP CONTENT="¬"/>
               </TextLine>
               <TextLine ID="tr_1_tl_9"
                         BASELINE="2292,1480 2358,1480 2425,1480 2492,1480 2559,1480 2626,1484 2693,1489 2759,1492 2826,1492 2893,1492 2960,1492 3027,1491 3094,1486 3161,1490 3227,1492 3294,1492 3361,1492 3428,1492 3495,1492 3562,1492 3629,1492"
                         HEIGHT="181"
                         WIDTH="1342"
                         VPOS="1386"
                         HPOS="2281">
                  <String HEIGHT="181"
                          WIDTH="519"
                          VPOS="1386"
                          HPOS="2238"
                          CONTENT="fohlenen"
                          SUBS_TYPE="HypPart2"
                          SUBS_CONTENT="anbefohlenen"/>
                  <SP HEIGHT="181" WIDTH="43" VPOS="1386" HPOS="2757"/>
                  <String HEIGHT="181"
                          WIDTH="649"
                          VPOS="1386"
                          HPOS="2627"
                          CONTENT="Verrichtung"/>
                  <SP HEIGHT="181" WIDTH="43" VPOS="1386" HPOS="3277"/>
                  <String HEIGHT="181"
                          WIDTH="519"
                          VPOS="1386"
                          HPOS="3104"
                          CONTENT="porgfaltig"/>
               </TextLine>
               <TextLine ID="tr_1_tl_10"
                         BASELINE="2280,1587 2347,1592 2414,1590 2481,1587 2548,1587 2615,1591 2682,1596 2750,1599 2817,1599 2884,1599 2951,1599 3018,1599 3085,1599 3152,1603 3220,1605 3287,1604 3354,1599 3421,1595 3488,1596 3555,1602 3623,1611"
                         HEIGHT="196"
                         WIDTH="1353"
                         VPOS="1491"
                         HPOS="2268">
                  <String HEIGHT="196"
                          WIDTH="381"
                          VPOS="1491"
                          HPOS="2226"
                          CONTENT="Streu"/>
                  <SP HEIGHT="196" WIDTH="42" VPOS="1491" HPOS="2606"/>
                  <String HEIGHT="196"
                          WIDTH="296"
                          VPOS="1491"
                          HPOS="2479"
                          CONTENT="und"/>
                  <SP HEIGHT="196" WIDTH="42" VPOS="1491" HPOS="2775"/>
                  <String HEIGHT="196"
                          WIDTH="465"
                          VPOS="1491"
                          HPOS="2649"
                          CONTENT="fleißig"/>
                  <SP HEIGHT="196" WIDTH="42" VPOS="1491" HPOS="3114"/>
                  <String HEIGHT="196"
                          WIDTH="338"
                          VPOS="1491"
                          HPOS="2987"
                          CONTENT="sich"/>
                  <SP HEIGHT="196" WIDTH="42" VPOS="1491" HPOS="3325"/>
                  <String HEIGHT="196"
                          WIDTH="465"
                          VPOS="1491"
                          HPOS="3156"
                          CONTENT="bezeugen,"/>
               </TextLine>
               <TextLine ID="tr_1_tl_11"
                         BASELINE="2292,1683 2356,1683 2421,1683 2486,1684 2551,1688 2615,1689 2680,1691 2745,1695 2810,1700 2874,1701 2939,1701 3004,1701 3069,1705 3133,1707 3198,1707 3263,1707 3328,1704 3392,1701 3457,1701 3522,1701 3587,1701"
                         HEIGHT="135"
                         WIDTH="1302"
                         VPOS="1609"
                         HPOS="2281">
                  <String HEIGHT="135"
                          WIDTH="386"
                          VPOS="1609"
                          HPOS="2233"
                          CONTENT="alle"/>
                  <SP HEIGHT="135" WIDTH="48" VPOS="1609" HPOS="2619"/>
                  <String HEIGHT="135"
                          WIDTH="434"
                          VPOS="1609"
                          HPOS="2474"
                          CONTENT="Ihnen"/>
                  <SP HEIGHT="135" WIDTH="48" VPOS="1609" HPOS="2908"/>
                  <String HEIGHT="135"
                          WIDTH="723"
                          VPOS="1609"
                          HPOS="2763"
                          CONTENT="vorkommende"/>
                  <SP HEIGHT="135" WIDTH="48" VPOS="1609" HPOS="3487"/>
                  <String HEIGHT="135"
                          WIDTH="289"
                          VPOS="1609"
                          HPOS="3294"
                          CONTENT="Ver"
                          SUBS_TYPE="HypPart1"
                          SUBS_CONTENT="Verdächtige"/>
                  <HYP CONTENT="¬"/>
               </TextLine>
               <TextLine ID="tr_1_tl_12"
                         BASELINE="2298,1784 2364,1788 2431,1790 2498,1790 2565,1790 2632,1794 2699,1796 2765,1797 2832,1802 2899,1802 2966,1805 3033,1808 3100,1808 3167,1808 3233,1805 3300,1802 3367,1802 3434,1802 3501,1799 3568,1795 3635,1790"
                         HEIGHT="171"
                         WIDTH="1344"
                         VPOS="1712"
                         HPOS="2285">
                  <String HEIGHT="171"
                          WIDTH="474"
                          VPOS="1712"
                          HPOS="2245"
                          CONTENT="dächtige"
                          SUBS_TYPE="HypPart2"
                          SUBS_CONTENT="Verdächtige"/>
                  <SP HEIGHT="171" WIDTH="40" VPOS="1712" HPOS="2720"/>
                  <String HEIGHT="171"
                          WIDTH="514"
                          VPOS="1712"
                          HPOS="2601"
                          CONTENT="Persohnen"/>
                  <SP HEIGHT="171" WIDTH="40" VPOS="1712" HPOS="3115"/>
                  <String HEIGHT="171"
                          WIDTH="237"
                          VPOS="1712"
                          HPOS="2997"
                          CONTENT="so"/>
                  <SP HEIGHT="171" WIDTH="40" VPOS="1712" HPOS="3234"/>
                  <String HEIGHT="171"
                          WIDTH="395"
                          VPOS="1712"
                          HPOS="3115"
                          CONTENT="gleich"/>
                  <SP HEIGHT="171" WIDTH="40" VPOS="1712" HPOS="3510"/>
                  <String HEIGHT="171"
                          WIDTH="277"
                          VPOS="1712"
                          HPOS="3352"
                          CONTENT="hand"
                          SUBS_TYPE="HypPart1"
                          SUBS_CONTENT="handvest"/>
                  <HYP CONTENT="¬"/>
               </TextLine>
               <TextLine ID="tr_1_tl_13"
                         BASELINE="2310,1886 2376,1890 2443,1892 2510,1893 2577,1898 2644,1898 2711,1898 2777,1898 2844,1898 2911,1902 2978,1904 3045,1904 3112,1904 3179,1900 3245,1898 3312,1898 3379,1898 3446,1898 3513,1901 3580,1906 3647,1916"
                         HEIGHT="185"
                         WIDTH="1344"
                         VPOS="1805"
                         HPOS="2298">
                  <String HEIGHT="185"
                          WIDTH="384"
                          VPOS="1805"
                          HPOS="2250"
                          CONTENT="vest"
                          SUBS_TYPE="HypPart2"
                          SUBS_CONTENT="handvest"/>
                  <SP HEIGHT="185" WIDTH="48" VPOS="1805" HPOS="2634"/>
                  <String HEIGHT="185"
                          WIDTH="480"
                          VPOS="1805"
                          HPOS="2490"
                          CONTENT="machen"/>
                  <SP HEIGHT="185" WIDTH="48" VPOS="1805" HPOS="2970"/>
                  <String HEIGHT="185"
                          WIDTH="336"
                          VPOS="1805"
                          HPOS="2826"
                          CONTENT="und"/>
                  <SP HEIGHT="185" WIDTH="48" VPOS="1805" HPOS="3162"/>
                  <String HEIGHT="185"
                          WIDTH="336"
                          VPOS="1805"
                          HPOS="3018"
                          CONTENT="sie"/>
                  <SP HEIGHT="185" WIDTH="48" VPOS="1805" HPOS="3354"/>
                  <String HEIGHT="185"
                          WIDTH="336"
                          VPOS="1805"
                          HPOS="3210"
                          CONTENT="zum"/>
                  <SP HEIGHT="185" WIDTH="48" VPOS="1805" HPOS="3546"/>
                  <String HEIGHT="185"
                          WIDTH="288"
                          VPOS="1805"
                          HPOS="3354"
                          CONTENT="vogt"/>
               </TextLine>
               <TextLine ID="tr_1_tl_14"
                         BASELINE="2298,1993 2356,1989 2414,1989 2472,1993 2530,1993 2589,1995 2647,1998 2705,1999 2763,1999 2821,1999 2880,1999 2938,1999 2996,1999 3054,1999 3112,1999 3171,1999 3229,1999 3287,1999 3345,1999 3403,1999 3462,1999"
                         HEIGHT="167"
                         WIDTH="1169"
                         VPOS="1910"
                         HPOS="2287">
                  <String HEIGHT="167"
                          WIDTH="341"
                          VPOS="1910"
                          HPOS="2238"
                          CONTENT="amt"/>
                  <SP HEIGHT="167" WIDTH="49" VPOS="1910" HPOS="2579"/>
                  <String HEIGHT="167"
                          WIDTH="779"
                          VPOS="1910"
                          HPOS="2433"
                          CONTENT="einzulüffern"/>
                  <SP HEIGHT="167" WIDTH="49" VPOS="1910" HPOS="3212"/>
                  <String HEIGHT="167"
                          WIDTH="438"
                          VPOS="1910"
                          HPOS="3018"
                          CONTENT="sollen."/>
               </TextLine>
               <TextLine ID="tr_1_tl_15"
                         BASELINE="2047,2178 2126,2173 2205,2181 2284,2188 2363,2190 2442,2192 2521,2196 2600,2197 2679,2202 2758,2202 2838,2202 2917,2202 2996,2206 3075,2208 3154,2208 3233,2208 3312,2208 3391,2208 3470,2208 3549,2213 3629,2214"
                         HEIGHT="270"
                         WIDTH="1590"
                         VPOS="2022"
                         HPOS="2035">
                  <String HEIGHT="270"
                          WIDTH="239"
                          VPOS="2022"
                          HPOS="1995"
                          CONTENT="3."/>
                  <SP HEIGHT="270" WIDTH="40" VPOS="2022" HPOS="2234"/>
                  <String HEIGHT="270"
                          WIDTH="278"
                          VPOS="2022"
                          HPOS="2115"
                          CONTENT="Ist"/>
                  <SP HEIGHT="270" WIDTH="40" VPOS="2022" HPOS="2393"/>
                  <String HEIGHT="270"
                          WIDTH="278"
                          VPOS="2022"
                          HPOS="2274"
                          CONTENT="die"/>
                  <SP HEIGHT="270" WIDTH="40" VPOS="2022" HPOS="2552"/>
                  <String HEIGHT="270"
                          WIDTH="358"
                          VPOS="2022"
                          HPOS="2433"
                          CONTENT="ordre"/>
                  <SP HEIGHT="270" WIDTH="40" VPOS="2022" HPOS="2790"/>
                  <String HEIGHT="270"
                          WIDTH="636"
                          VPOS="2022"
                          HPOS="2671"
                          CONTENT="nachdeuckhl."/>
                  <SP HEIGHT="270" WIDTH="40" VPOS="2022" HPOS="3307"/>
                  <String HEIGHT="270"
                          WIDTH="239"
                          VPOS="2022"
                          HPOS="3188"
                          CONTENT="zu"/>
                  <SP HEIGHT="270" WIDTH="40" VPOS="2022" HPOS="3426"/>
                  <String HEIGHT="270"
                          WIDTH="358"
                          VPOS="2022"
                          HPOS="3267"
                          CONTENT="stellen"/>
               </TextLine>
               <TextLine ID="tr_1_tl_16"
                         BASELINE="2280,2280 2345,2284 2410,2289 2475,2292 2540,2292 2605,2296 2670,2298 2735,2298 2800,2298 2865,2301 2930,2304 2995,2304 3060,2308 3125,2313 3190,2316 3255,2316 3320,2312 3385,2310 3450,2310 3515,2315 3581,2322"
                         HEIGHT="171"
                         WIDTH="1311"
                         VPOS="2205"
                         HPOS="2268">
                  <String HEIGHT="171"
                          WIDTH="287"
                          VPOS="2205"
                          HPOS="2227"
                          CONTENT="daß"/>
                  <SP HEIGHT="171" WIDTH="41" VPOS="2205" HPOS="2514"/>
                  <String HEIGHT="171"
                          WIDTH="533"
                          VPOS="2205"
                          HPOS="2391"
                          CONTENT="wehrenden"/>
                  <SP HEIGHT="171" WIDTH="41" VPOS="2205" HPOS="2924"/>
                  <String HEIGHT="171"
                          WIDTH="492"
                          VPOS="2205"
                          HPOS="2801"
                          CONTENT="Streiffs"/>
                  <SP HEIGHT="171" WIDTH="41" VPOS="2205" HPOS="3292"/>
                  <String HEIGHT="171"
                          WIDTH="328"
                          VPOS="2205"
                          HPOS="3169"
                          CONTENT="sich"/>
                  <SP HEIGHT="171" WIDTH="41" VPOS="2205" HPOS="3497"/>
                  <String HEIGHT="171"
                          WIDTH="246"
                          VPOS="2205"
                          HPOS="3333"
                          CONTENT="Nie"
                          SUBS_TYPE="HypPart1"
                          SUBS_CONTENT="Niemand"/>
                  <HYP CONTENT="¬"/>
               </TextLine>
               <TextLine ID="tr_1_tl_17"
                         BASELINE="2298,2387 2363,2383 2428,2384 2493,2387 2558,2387 2623,2391 2688,2393 2753,2393 2818,2393 2883,2393 2948,2393 3013,2393 3078,2402 3143,2405 3208,2404 3273,2400 3338,2399 3403,2399 3468,2399 3533,2399 3599,2405"
                         HEIGHT="166"
                         WIDTH="1308"
                         VPOS="2313"
                         HPOS="2287">
                  <String HEIGHT="166"
                          WIDTH="349"
                          VPOS="2313"
                          HPOS="2243"
                          CONTENT="mand"
                          SUBS_TYPE="HypPart2"
                          SUBS_CONTENT="Niemand"/>
                  <SP HEIGHT="166" WIDTH="44" VPOS="2313" HPOS="2592"/>
                  <String HEIGHT="166"
                          WIDTH="523"
                          VPOS="2313"
                          HPOS="2461"
                          CONTENT="gelusten"/>
                  <SP HEIGHT="166" WIDTH="44" VPOS="2313" HPOS="2985"/>
                  <String HEIGHT="166"
                          WIDTH="392"
                          VPOS="2313"
                          HPOS="2854"
                          CONTENT="laßen"/>
                  <SP HEIGHT="166" WIDTH="44" VPOS="2313" HPOS="3246"/>
                  <String HEIGHT="166"
                          WIDTH="436"
                          VPOS="2313"
                          HPOS="3115"
                          CONTENT="solle,"/>
                  <SP HEIGHT="166" WIDTH="44" VPOS="2313" HPOS="3551"/>
                  <String HEIGHT="166"
                          WIDTH="218"
                          VPOS="2313"
                          HPOS="3377"
                          CONTENT="zu"
                          SUBS_TYPE="HypPart1"
                          SUBS_CONTENT="zuschießen,"/>
                  <HYP CONTENT="¬"/>
               </TextLine>
               <TextLine ID="tr_1_tl_18"
                         BASELINE="2292,2477 2361,2482 2430,2483 2500,2485 2569,2490 2639,2494 2708,2495 2777,2495 2847,2495 2916,2495 2986,2500 3055,2501 3125,2503 3194,2507 3263,2507 3333,2503 3402,2501 3472,2501 3541,2501 3611,2501"
                         HEIGHT="183"
                         WIDTH="1327"
                         VPOS="2399"
                         HPOS="2279">
                  <String HEIGHT="183"
                          WIDTH="493"
                          VPOS="2399"
                          HPOS="2241"
                          CONTENT="schießen,"
                          SUBS_TYPE="HypPart2"
                          SUBS_CONTENT="zuschießen,"/>
                  <SP HEIGHT="183" WIDTH="38" VPOS="2399" HPOS="2734"/>
                  <String HEIGHT="183"
                          WIDTH="569"
                          VPOS="2399"
                          HPOS="2620"
                          CONTENT="zuschreyen,"/>
                  <SP HEIGHT="183" WIDTH="38" VPOS="2399" HPOS="3189"/>
                  <String HEIGHT="183"
                          WIDTH="227"
                          VPOS="2399"
                          HPOS="3075"
                          CONTENT="zu"/>
                  <SP HEIGHT="183" WIDTH="38" VPOS="2399" HPOS="3303"/>
                  <String HEIGHT="183"
                          WIDTH="455"
                          VPOS="2399"
                          HPOS="3151"
                          CONTENT="absentiren"/>
               </TextLine>
               <TextLine ID="tr_1_tl_19"
                         BASELINE="2286,2590 2354,2590 2422,2590 2490,2592 2558,2596 2626,2596 2694,2599 2762,2602 2830,2602 2898,2602 2966,2606 3034,2608 3102,2609 3170,2613 3238,2614 3306,2612 3374,2608 3442,2608 3510,2608 3578,2611 3647,2614"
                         HEIGHT="148"
                         WIDTH="1369"
                         VPOS="2506"
                         HPOS="2275">
                  <String HEIGHT="148"
                          WIDTH="332"
                          VPOS="2506"
                          HPOS="2234"
                          CONTENT="oder"/>
                  <SP HEIGHT="148" WIDTH="41" VPOS="2506" HPOS="2565"/>
                  <String HEIGHT="148"
                          WIDTH="747"
                          VPOS="2506"
                          HPOS="2441"
                          CONTENT="vollzutrinken,"/>
                  <SP HEIGHT="148" WIDTH="41" VPOS="2506" HPOS="3188"/>
                  <String HEIGHT="148"
                          WIDTH="332"
                          VPOS="2506"
                          HPOS="3063"
                          CONTENT="nach"/>
                  <SP HEIGHT="148" WIDTH="41" VPOS="2506" HPOS="3395"/>
                  <String HEIGHT="148"
                          WIDTH="415"
                          VPOS="2506"
                          HPOS="3229"
                          CONTENT="vielwein"/>
               </TextLine>
               <TextLine ID="tr_1_tl_20"
                         BASELINE="2280,2692 2347,2697 2415,2701 2483,2702 2551,2698 2618,2703 2686,2704 2754,2706 2822,2710 2889,2710 2957,2710 3025,2710 3093,2710 3160,2710 3228,2710 3296,2710 3364,2709 3431,2705 3499,2711 3567,2720 3635,2727"
                         HEIGHT="170"
                         WIDTH="1363"
                         VPOS="2608"
                         HPOS="2266">
                  <String HEIGHT="170"
                          WIDTH="258"
                          VPOS="2608"
                          HPOS="2229"
                          CONTENT="gey"/>
                  <SP HEIGHT="170" WIDTH="37" VPOS="2608" HPOS="2487"/>
                  <String HEIGHT="170"
                          WIDTH="295"
                          VPOS="2608"
                          HPOS="2377"
                          CONTENT="sich"/>
                  <SP HEIGHT="170" WIDTH="37" VPOS="2608" HPOS="2671"/>
                  <String HEIGHT="170"
                          WIDTH="332"
                          VPOS="2608"
                          HPOS="2561"
                          CONTENT="denen"/>
                  <SP HEIGHT="170" WIDTH="37" VPOS="2608" HPOS="2892"/>
                  <String HEIGHT="170"
                          WIDTH="589"
                          VPOS="2608"
                          HPOS="2782"
                          CONTENT="commanderten"/>
                  <SP HEIGHT="170" WIDTH="37" VPOS="2608" HPOS="3371"/>
                  <String HEIGHT="170"
                          WIDTH="405"
                          VPOS="2608"
                          HPOS="3224"
                          CONTENT="Obleuthen"/>
               </TextLine>
               <TextLine ID="tr_1_tl_21"
                         BASELINE="2262,2793 2295,2795 2329,2798 2362,2799 2396,2799 2430,2799 2463,2799 2497,2799 2531,2799 2564,2801 2598,2804 2631,2806 2665,2808 2699,2810 2732,2811 2766,2811 2800,2811 2833,2813 2867,2816 2901,2817"
                         HEIGHT="185"
                         WIDTH="651"
                         VPOS="2713"
                         HPOS="2245">
                  <String HEIGHT="185"
                          WIDTH="751"
                          VPOS="2713"
                          HPOS="2145"
                          CONTENT="zuwidersezen."/>
               </TextLine>
               <TextLine ID="tr_1_tl_22"
                         BASELINE="2142,3008 2217,3008 2293,3012 2369,3014 2445,3014 2521,3015 2597,3020 2672,3020 2748,3025 2824,3030 2900,3032 2976,3032 3052,3032 3128,3032 3203,3037 3279,3038 3355,3038 3431,3038 3507,3039 3583,3043 3659,3038"
                         HEIGHT="223"
                         WIDTH="1529"
                         VPOS="2875"
                         HPOS="2127">
                  <String HEIGHT="223"
                          WIDTH="235"
                          VPOS="2875"
                          HPOS="2088"
                          CONTENT="4."/>
                  <SP HEIGHT="223" WIDTH="39" VPOS="2875" HPOS="2323"/>
                  <String HEIGHT="223"
                          WIDTH="353"
                          VPOS="2875"
                          HPOS="2205"
                          CONTENT="Nebst"/>
                  <SP HEIGHT="223" WIDTH="39" VPOS="2875" HPOS="2558"/>
                  <String HEIGHT="223"
                          WIDTH="274"
                          VPOS="2875"
                          HPOS="2441"
                          CONTENT="der"/>
                  <SP HEIGHT="223" WIDTH="39" VPOS="2875" HPOS="2715"/>
                  <String HEIGHT="223"
                          WIDTH="706"
                          VPOS="2875"
                          HPOS="2597"
                          CONTENT="ausschickenden"/>
                  <SP HEIGHT="223" WIDTH="39" VPOS="2875" HPOS="3303"/>
                  <String HEIGHT="223"
                          WIDTH="510"
                          VPOS="2875"
                          HPOS="3146"
                          CONTENT="Mannschafft"/>
               </TextLine>
               <TextLine ID="tr_1_tl_23"
                         BASELINE="2280,3115 2348,3111 2417,3110 2485,3111 2554,3115 2623,3111 2691,3113 2760,3117 2829,3121 2897,3121 2966,3121 3035,3124 3103,3126 3172,3121 3241,3121 3309,3121 3378,3121 3447,3121 3515,3126 3584,3124 3653,3121"
                         HEIGHT="164"
                         WIDTH="1380"
                         VPOS="3029"
                         HPOS="2268">
                  <String HEIGHT="164"
                          WIDTH="376"
                          VPOS="3029"
                          HPOS="2226"
                          CONTENT="solle"/>
                  <SP HEIGHT="164" WIDTH="42" VPOS="3029" HPOS="2603"/>
                  <String HEIGHT="164"
                          WIDTH="376"
                          VPOS="3029"
                          HPOS="2477"
                          CONTENT="jeder"/>
                  <SP HEIGHT="164" WIDTH="42" VPOS="3029" HPOS="2853"/>
                  <String HEIGHT="164"
                          WIDTH="293"
                          VPOS="3029"
                          HPOS="2728"
                          CONTENT="Ort"/>
                  <SP HEIGHT="164" WIDTH="42" VPOS="3029" HPOS="3021"/>
                  <String HEIGHT="164"
                          WIDTH="335"
                          VPOS="3029"
                          HPOS="2895"
                          CONTENT="noch"/>
                  <SP HEIGHT="164" WIDTH="42" VPOS="3029" HPOS="3230"/>
                  <String HEIGHT="164"
                          WIDTH="335"
                          VPOS="3029"
                          HPOS="3104"
                          CONTENT="über"/>
                  <SP HEIGHT="164" WIDTH="42" VPOS="3029" HPOS="3439"/>
                  <String HEIGHT="164"
                          WIDTH="293"
                          VPOS="3029"
                          HPOS="3313"
                          CONTENT="das"/>
                  <SP HEIGHT="164" WIDTH="42" VPOS="3029" HPOS="3606"/>
                  <String HEIGHT="164"
                          WIDTH="209"
                          VPOS="3029"
                          HPOS="3439"
                          CONTENT="die"/>
               </TextLine>
               <TextLine ID="tr_1_tl_24"
                         BASELINE="2089,3205 2168,3210 2247,3206 2326,3209 2405,3211 2484,3213 2563,3217 2642,3217 2721,3217 2800,3223 2880,3223 2959,3223 3038,3223 3117,3223 3196,3223 3275,3222 3354,3216 3433,3211 3512,3211 3591,3211 3671,3205"
                         HEIGHT="200"
                         WIDTH="1588"
                         VPOS="3092"
                         HPOS="2077">
                  <String HEIGHT="200"
                          WIDTH="366"
                          VPOS="3092"
                          HPOS="2036"
                          CONTENT="haubt"/>
                  <SP HEIGHT="200" WIDTH="41" VPOS="3092" HPOS="2403"/>
                  <String HEIGHT="200"
                          WIDTH="448"
                          VPOS="3092"
                          HPOS="2281"
                          CONTENT="Strafen"/>
                  <SP HEIGHT="200" WIDTH="41" VPOS="3092" HPOS="2728"/>
                  <String HEIGHT="200"
                          WIDTH="285"
                          VPOS="3092"
                          HPOS="2606"
                          CONTENT="und"/>
                  <SP HEIGHT="200" WIDTH="41" VPOS="3092" HPOS="2891"/>
                  <String HEIGHT="200"
                          WIDTH="448"
                          VPOS="3092"
                          HPOS="2769"
                          CONTENT="Brucken"/>
                  <SP HEIGHT="200" WIDTH="41" VPOS="3092" HPOS="3217"/>
                  <String HEIGHT="200"
                          WIDTH="529"
                          VPOS="3092"
                          HPOS="3095"
                          CONTENT="besetzen,"/>
                  <SP HEIGHT="200" WIDTH="41" VPOS="3092" HPOS="3624"/>
                  <String HEIGHT="200"
                          WIDTH="204"
                          VPOS="3092"
                          HPOS="3461"
                          CONTENT="auf"/>
               </TextLine>
               <TextLine ID="tr_1_tl_25"
                         BASELINE="2268,3307 2335,3307 2402,3310 2469,3313 2536,3318 2603,3318 2670,3318 2738,3319 2805,3324 2872,3324 2939,3324 3006,3324 3073,3324 3140,3324 3208,3324 3275,3325 3342,3330 3409,3326 3476,3321 3543,3317 3611,3312"
                         HEIGHT="139"
                         WIDTH="1350"
                         VPOS="3229"
                         HPOS="2256">
                  <String HEIGHT="139"
                          WIDTH="270"
                          VPOS="3229"
                          HPOS="2211"
                          CONTENT="im"/>
                  <SP HEIGHT="139" WIDTH="45" VPOS="3229" HPOS="2481"/>
                  <String HEIGHT="139"
                          WIDTH="315"
                          VPOS="3229"
                          HPOS="2346"
                          CONTENT="Ort"/>
                  <SP HEIGHT="139" WIDTH="45" VPOS="3229" HPOS="2661"/>
                  <String HEIGHT="139"
                          WIDTH="540"
                          VPOS="3229"
                          HPOS="2526"
                          CONTENT="selbsten"/>
                  <SP HEIGHT="139" WIDTH="45" VPOS="3229" HPOS="3066"/>
                  <String HEIGHT="139"
                          WIDTH="315"
                          VPOS="3229"
                          HPOS="2931"
                          CONTENT="die"/>
                  <SP HEIGHT="139" WIDTH="45" VPOS="3229" HPOS="3246"/>
                  <String HEIGHT="139"
                          WIDTH="450"
                          VPOS="3229"
                          HPOS="3111"
                          CONTENT="Wirts-"/>
                  <SP HEIGHT="139" WIDTH="45" VPOS="3229" HPOS="3561"/>
                  <String HEIGHT="139"
                          WIDTH="225"
                          VPOS="3229"
                          HPOS="3381"
                          CONTENT="und"/>
               </TextLine>
               <TextLine ID="tr_1_tl_26"
                         BASELINE="2274,3408 2340,3408 2407,3408 2474,3409 2541,3414 2608,3418 2675,3420 2741,3421 2808,3426 2875,3430 2942,3432 3009,3431 3076,3426 3143,3426 3209,3426 3276,3425 3343,3420 3410,3420 3477,3420 3544,3420 3611,3420"
                         HEIGHT="168"
                         WIDTH="1346"
                         VPOS="3324"
                         HPOS="2262">
                  <String HEIGHT="168"
                          WIDTH="808"
                          VPOS="3324"
                          HPOS="2208"
                          CONTENT="Armenhäuser"/>
                  <SP HEIGHT="168" WIDTH="54" VPOS="3324" HPOS="3016"/>
                  <String HEIGHT="168"
                          WIDTH="700"
                          VPOS="3324"
                          HPOS="2854"
                          CONTENT="visitiren"/>
                  <SP HEIGHT="168" WIDTH="54" VPOS="3324" HPOS="3554"/>
                  <String HEIGHT="168"
                          WIDTH="269"
                          VPOS="3324"
                          HPOS="3339"
                          CONTENT="und"/>
               </TextLine>
               <TextLine ID="tr_1_tl_27"
                         BASELINE="2274,3503 2343,3503 2412,3503 2481,3505 2551,3510 2620,3519 2689,3521 2758,3523 2828,3528 2897,3533 2966,3529 3035,3530 3105,3531 3174,3527 3243,3527 3312,3531 3382,3531 3451,3529 3520,3538 3589,3539 3659,3539"
                         HEIGHT="181"
                         WIDTH="1394"
                         VPOS="3427"
                         HPOS="2260">
                  <String HEIGHT="181"
                          WIDTH="270"
                          VPOS="3427"
                          HPOS="2215"
                          CONTENT="im"/>
                  <SP HEIGHT="181" WIDTH="45" VPOS="3427" HPOS="2485"/>
                  <String HEIGHT="181"
                          WIDTH="315"
                          VPOS="3427"
                          HPOS="2350"
                          CONTENT="ort"/>
                  <SP HEIGHT="181" WIDTH="45" VPOS="3427" HPOS="2665"/>
                  <String HEIGHT="181"
                          WIDTH="360"
                          VPOS="3427"
                          HPOS="2530"
                          CONTENT="noch"/>
                  <SP HEIGHT="181" WIDTH="45" VPOS="3427" HPOS="2890"/>
                  <String HEIGHT="181"
                          WIDTH="719"
                          VPOS="3427"
                          HPOS="2755"
                          CONTENT="patroulliren"/>
                  <SP HEIGHT="181" WIDTH="45" VPOS="3427" HPOS="3474"/>
                  <String HEIGHT="181"
                          WIDTH="360"
                          VPOS="3427"
                          HPOS="3294"
                          CONTENT="laßen."/>
               </TextLine>
               <TextLine ID="tr_1_tl_28"
                         BASELINE="2005,3677 2087,3693 2170,3709 2253,3707 2335,3706 2418,3710 2501,3715 2583,3721 2666,3726 2749,3730 2832,3731 2914,3736 2997,3736 3080,3736 3162,3730 3245,3735 3328,3736 3410,3736 3493,3736 3576,3733 3659,3736"
                         HEIGHT="259"
                         WIDTH="1666"
                         VPOS="3553"
                         HPOS="1990">
                  <String HEIGHT="259"
                          WIDTH="294"
                          VPOS="3553"
                          HPOS="1941"
                          CONTENT="5."/>
                  <SP HEIGHT="259" WIDTH="49" VPOS="3553" HPOS="2235"/>
                  <String HEIGHT="259"
                          WIDTH="343"
                          VPOS="3553"
                          HPOS="2088"
                          CONTENT="das"/>
                  <SP HEIGHT="259" WIDTH="49" VPOS="3553" HPOS="2431"/>
                  <String HEIGHT="259"
                          WIDTH="735"
                          VPOS="3553"
                          HPOS="2284"
                          CONTENT="patralliren"/>
                  <SP HEIGHT="259" WIDTH="49" VPOS="3553" HPOS="3019"/>
                  <String HEIGHT="259"
                          WIDTH="588"
                          VPOS="3553"
                          HPOS="2872"
                          CONTENT="umfleden"/>
                  <SP HEIGHT="259" WIDTH="49" VPOS="3553" HPOS="3460"/>
                  <String HEIGHT="259"
                          WIDTH="392"
                          VPOS="3553"
                          HPOS="3264"
                          CONTENT="solle."/>
               </TextLine>
               <TextLine ID="tr_1_tl_29"
                         BASELINE="2286,3802 2351,3802 2416,3805 2481,3809 2546,3813 2611,3818 2676,3820 2741,3821 2806,3825 2871,3829 2936,3832 3001,3832 3066,3832 3131,3832 3196,3833 3261,3837 3326,3838 3391,3838 3456,3838 3521,3833 3587,3832"
                         HEIGHT="170"
                         WIDTH="1308"
                         VPOS="3739"
                         HPOS="2275">
                  <String HEIGHT="170"
                          WIDTH="327"
                          VPOS="3739"
                          HPOS="2228"
                          CONTENT="man"/>
                  <SP HEIGHT="170" WIDTH="47" VPOS="3739" HPOS="2555"/>
                  <String HEIGHT="170"
                          WIDTH="280"
                          VPOS="3739"
                          HPOS="2415"
                          CONTENT="3."/>
                  <SP HEIGHT="170" WIDTH="47" VPOS="3739" HPOS="2695"/>
                  <String HEIGHT="170"
                          WIDTH="327"
                          VPOS="3739"
                          HPOS="2555"
                          CONTENT="bis"/>
                  <SP HEIGHT="170" WIDTH="47" VPOS="3739" HPOS="2882"/>
                  <String HEIGHT="170"
                          WIDTH="234"
                          VPOS="3739"
                          HPOS="2742"
                          CONTENT="4"/>
                  <SP HEIGHT="170" WIDTH="47" VPOS="3739" HPOS="2976"/>
                  <String HEIGHT="170"
                          WIDTH="327"
                          VPOS="3739"
                          HPOS="2836"
                          CONTENT="tag"/>
                  <SP HEIGHT="170" WIDTH="47" VPOS="3739" HPOS="3163"/>
                  <String HEIGHT="170"
                          WIDTH="327"
                          VPOS="3739"
                          HPOS="3022"
                          CONTENT="und"/>
                  <SP HEIGHT="170" WIDTH="47" VPOS="3739" HPOS="3349"/>
                  <String HEIGHT="170"
                          WIDTH="374"
                          VPOS="3739"
                          HPOS="3209"
                          CONTENT="zwar"/>
                  <SP HEIGHT="170" WIDTH="47" VPOS="3739" HPOS="3583"/>
                  <String HEIGHT="170"
                          WIDTH="187"
                          VPOS="3739"
                          HPOS="3396"
                          CONTENT="so"/>
               </TextLine>
               <TextLine ID="tr_1_tl_30"
                         BASELINE="2268,3915 2331,3915 2394,3915 2457,3916 2521,3920 2584,3924 2647,3928 2710,3933 2774,3937 2837,3941 2900,3945 2963,3940 3027,3942 3090,3945 3153,3945 3216,3945 3280,3945 3343,3945 3406,3945 3469,3945 3533,3939"
                         HEIGHT="207"
                         WIDTH="1274"
                         VPOS="3812"
                         HPOS="2256">
                  <String HEIGHT="207"
                          WIDTH="392"
                          VPOS="3812"
                          HPOS="2207"
                          CONTENT="Tags"/>
                  <SP HEIGHT="207" WIDTH="49" VPOS="3812" HPOS="2599"/>
                  <String HEIGHT="207"
                          WIDTH="343"
                          VPOS="3812"
                          HPOS="2452"
                          CONTENT="als"/>
                  <SP HEIGHT="207" WIDTH="49" VPOS="3812" HPOS="2795"/>
                  <String HEIGHT="207"
                          WIDTH="931"
                          VPOS="3812"
                          HPOS="2599"
                          CONTENT="Nachtscontinuiren"/>
               </TextLine>
               <TextLine ID="tr_1_tl_31"
                         BASELINE="2148,4142 2226,4142 2305,4142 2384,4142 2463,4142 2542,4144 2621,4151 2700,4160 2779,4160 2858,4160 2936,4160 3015,4160 3094,4163 3173,4163 3252,4160 3331,4160 3410,4160 3489,4160 3568,4160 3647,4160"
                         HEIGHT="227"
                         WIDTH="1510"
                         VPOS="3996"
                         HPOS="2134">
                  <String HEIGHT="227"
                          WIDTH="292"
                          VPOS="3996"
                          HPOS="2085"
                          CONTENT="b."/>
                  <SP HEIGHT="227" WIDTH="49" VPOS="3996" HPOS="2378"/>
                  <String HEIGHT="227"
                          WIDTH="438"
                          VPOS="3996"
                          HPOS="2231"
                          CONTENT="Jeder"/>
                  <SP HEIGHT="227" WIDTH="49" VPOS="3996" HPOS="2670"/>
                  <String HEIGHT="227"
                          WIDTH="633"
                          VPOS="3996"
                          HPOS="2524"
                          CONTENT="Vorsteher"/>
                  <SP HEIGHT="227" WIDTH="49" VPOS="3996" HPOS="3157"/>
                  <String HEIGHT="227"
                          WIDTH="438"
                          VPOS="3996"
                          HPOS="3011"
                          CONTENT="einer"/>
                  <SP HEIGHT="227" WIDTH="49" VPOS="3996" HPOS="3449"/>
                  <String HEIGHT="227"
                          WIDTH="390"
                          VPOS="3996"
                          HPOS="3254"
                          CONTENT="Commun"/>
               </TextLine>
               <TextLine ID="tr_1_tl_32"
                         BASELINE="2238,4226 2306,4235 2374,4241 2442,4244 2510,4244 2578,4254 2646,4256 2714,4256 2782,4256 2850,4256 2918,4260 2986,4262 3054,4261 3122,4257 3190,4256 3258,4256 3326,4256 3394,4256 3462,4256 3530,4251 3599,4244"
                         HEIGHT="175"
                         WIDTH="1367"
                         VPOS="4151"
                         HPOS="2226">
                  <String HEIGHT="175"
                          WIDTH="383"
                          VPOS="4151"
                          HPOS="2171"
                          CONTENT="und"/>
                  <SP HEIGHT="175" WIDTH="55" VPOS="4151" HPOS="2554"/>
                  <String HEIGHT="175"
                          WIDTH="875"
                          VPOS="4151"
                          HPOS="2390"
                          CONTENT="insbesondere"/>
                  <SP HEIGHT="175" WIDTH="55" VPOS="4151" HPOS="3265"/>
                  <String HEIGHT="175"
                          WIDTH="437"
                          VPOS="4151"
                          HPOS="3101"
                          CONTENT="dann"/>
                  <SP HEIGHT="175" WIDTH="55" VPOS="4151" HPOS="3538"/>
                  <String HEIGHT="175"
                          WIDTH="273"
                          VPOS="4151"
                          HPOS="3320"
                          CONTENT="die"/>
               </TextLine>
               <TextLine ID="tr_1_tl_33"
                         BASELINE="2280,4345 2347,4350 2415,4351 2483,4353 2551,4357 2618,4357 2686,4357 2754,4357 2822,4358 2889,4367 2957,4366 3025,4363 3093,4363 3160,4368 3228,4369 3296,4367 3364,4363 3431,4363 3499,4359 3567,4357 3635,4351"
                         HEIGHT="162"
                         WIDTH="1361"
                         VPOS="4257"
                         HPOS="2268">
                  <String HEIGHT="162"
                          WIDTH="436"
                          VPOS="4257"
                          HPOS="2214"
                          CONTENT="hier"/>
                  <SP HEIGHT="162" WIDTH="54" VPOS="4257" HPOS="2649"/>
                  <String HEIGHT="162"
                          WIDTH="762"
                          VPOS="4257"
                          HPOS="2486"
                          CONTENT="versamlete"/>
                  <SP HEIGHT="162" WIDTH="54" VPOS="4257" HPOS="3248"/>
                  <String HEIGHT="162"
                          WIDTH="599"
                          VPOS="4257"
                          HPOS="3030"
                          CONTENT="Deputirte"/>
               </TextLine>
               <TextLine ID="tr_1_tl_34"
                         BASELINE="2274,4459 2342,4456 2411,4459 2479,4459 2548,4459 2617,4459 2685,4461 2754,4465 2823,4465 2891,4465 2960,4465 3029,4465 3097,4465 3166,4469 3235,4471 3303,4470 3372,4465 3441,4465 3509,4462 3578,4458 3647,4453"
                         HEIGHT="188"
                         WIDTH="1380"
                         VPOS="4362"
                         HPOS="2262">
                  <String HEIGHT="188"
                          WIDTH="476"
                          VPOS="4362"
                          HPOS="2214"
                          CONTENT="sollen"/>
                  <SP HEIGHT="188" WIDTH="48" VPOS="4362" HPOS="2690"/>
                  <String HEIGHT="188"
                          WIDTH="333"
                          VPOS="4362"
                          HPOS="2548"
                          CONTENT="bey"/>
                  <SP HEIGHT="188" WIDTH="48" VPOS="4362" HPOS="2881"/>
                  <String HEIGHT="188"
                          WIDTH="428"
                          VPOS="4362"
                          HPOS="2738"
                          CONTENT="ihren"/>
                  <SP HEIGHT="188" WIDTH="48" VPOS="4362" HPOS="3166"/>
                  <String HEIGHT="188"
                          WIDTH="666"
                          VPOS="4362"
                          HPOS="2976"
                          CONTENT="auffhabenden"/>
               </TextLine>
               <TextLine ID="tr_1_tl_35"
                         BASELINE="2262,4554 2334,4554 2407,4558 2479,4560 2552,4561 2624,4566 2697,4566 2770,4566 2842,4569 2915,4574 2987,4577 3060,4573 3132,4572 3205,4572 3278,4572 3350,4572 3423,4572 3495,4563 3568,4556 3641,4554"
                         HEIGHT="177"
                         WIDTH="1388"
                         VPOS="4469"
                         HPOS="2249">
                  <String HEIGHT="177"
                          WIDTH="925"
                          VPOS="4469"
                          HPOS="2198"
                          CONTENT="Amts-Pflichten"/>
                  <SP HEIGHT="177" WIDTH="51" VPOS="4469" HPOS="3123"/>
                  <String HEIGHT="177"
                          WIDTH="463"
                          VPOS="4469"
                          HPOS="2969"
                          CONTENT="Sorge"/>
                  <SP HEIGHT="177" WIDTH="51" VPOS="4469" HPOS="3431"/>
                  <String HEIGHT="177"
                          WIDTH="411"
                          VPOS="4469"
                          HPOS="3226"
                          CONTENT="tragen"/>
               </TextLine>
               <TextLine ID="tr_1_tl_36"
                         BASELINE="2268,4656 2335,4656 2402,4656 2470,4656 2537,4656 2605,4661 2672,4665 2740,4668 2807,4668 2875,4672 2942,4670 3009,4669 3077,4673 3144,4673 3212,4670 3279,4669 3347,4673 3414,4669 3482,4668 3549,4664 3617,4656"
                         HEIGHT="170"
                         WIDTH="1356"
                         VPOS="4571"
                         HPOS="2256">
                  <String HEIGHT="170"
                          WIDTH="339"
                          VPOS="4571"
                          HPOS="2208"
                          CONTENT="daß"/>
                  <SP HEIGHT="170" WIDTH="48" VPOS="4571" HPOS="2547"/>
                  <String HEIGHT="170"
                          WIDTH="436"
                          VPOS="4571"
                          HPOS="2401"
                          CONTENT="diser"/>
                  <SP HEIGHT="170" WIDTH="48" VPOS="4571" HPOS="2837"/>
                  <String HEIGHT="170"
                          WIDTH="678"
                          VPOS="4571"
                          HPOS="2692"
                          CONTENT="vorhabende"/>
                  <SP HEIGHT="170" WIDTH="48" VPOS="4571" HPOS="3370"/>
                  <String HEIGHT="170"
                          WIDTH="436"
                          VPOS="4571"
                          HPOS="3176"
                          CONTENT="Rteecht"/>
               </TextLine>
               <TextLine ID="tr_1_tl_37"
                         BASELINE="2268,4757 2335,4757 2403,4757 2471,4757 2539,4757 2606,4762 2674,4766 2742,4769 2810,4769 2877,4769 2945,4769 3013,4771 3081,4775 3148,4770 3216,4769 3284,4767 3352,4763 3419,4763 3487,4763 3555,4763 3623,4757"
                         HEIGHT="172"
                         WIDTH="1363"
                         VPOS="4672"
                         HPOS="2256">
                  <String HEIGHT="172"
                          WIDTH="361"
                          VPOS="4672"
                          HPOS="2216"
                          CONTENT="nicht"/>
                  <SP HEIGHT="172" WIDTH="40" VPOS="4672" HPOS="2577"/>
                  <String HEIGHT="172"
                          WIDTH="321"
                          VPOS="4672"
                          HPOS="2456"
                          CONTENT="eher"/>
                  <SP HEIGHT="172" WIDTH="40" VPOS="4672" HPOS="2777"/>
                  <String HEIGHT="172"
                          WIDTH="281"
                          VPOS="4672"
                          HPOS="2657"
                          CONTENT="als"/>
                  <SP HEIGHT="172" WIDTH="40" VPOS="4672" HPOS="2938"/>
                  <String HEIGHT="172"
                          WIDTH="281"
                          VPOS="4672"
                          HPOS="2817"
                          CONTENT="bes"/>
                  <SP HEIGHT="172" WIDTH="40" VPOS="4672" HPOS="3098"/>
                  <String HEIGHT="172"
                          WIDTH="281"
                          VPOS="4672"
                          HPOS="2978"
                          CONTENT="die"/>
                  <SP HEIGHT="172" WIDTH="40" VPOS="4672" HPOS="3258"/>
                  <String HEIGHT="172"
                          WIDTH="521"
                          VPOS="4672"
                          HPOS="3098"
                          CONTENT="Mannschafft"/>
               </TextLine>
               <TextLine ID="tr_1_tl_38"
                         BASELINE="2268,4870 2336,4866 2404,4865 2472,4865 2540,4865 2608,4865 2676,4868 2744,4870 2812,4871 2880,4880 2948,4882 3016,4882 3084,4882 3152,4882 3220,4882 3288,4880 3356,4876 3424,4876 3492,4876 3560,4876 3629,4870"
                         HEIGHT="183"
                         WIDTH="1369"
                         VPOS="4777"
                         HPOS="2256">
                  <String HEIGHT="183"
                          WIDTH="685"
                          VPOS="4777"
                          HPOS="2207"
                          CONTENT="würckhlich"/>
                  <SP HEIGHT="183" WIDTH="49" VPOS="4777" HPOS="2892"/>
                  <String HEIGHT="183"
                          WIDTH="636"
                          VPOS="4777"
                          HPOS="2745"
                          CONTENT="ausrücet,"/>
                  <SP HEIGHT="183" WIDTH="49" VPOS="4777" HPOS="3381"/>
                  <String HEIGHT="183"
                          WIDTH="440"
                          VPOS="4777"
                          HPOS="3185"
                          CONTENT="bekandt"/>
               </TextLine>
               <TextLine ID="tr_1_tl_39"
                         BASELINE="2286,4966 2312,4964 2338,4962 2364,4961 2390,4959 2416,4957 2442,4956 2469,4954 2495,4956 2521,4958 2547,4960 2573,4963 2599,4968 2626,4972"
                         HEIGHT="154"
                         WIDTH="345"
                         VPOS="4876"
                         HPOS="2275">
                  <String HEIGHT="154"
                          WIDTH="483"
                          VPOS="4876"
                          HPOS="2137"
                          CONTENT="wird."/>
               </TextLine>
               <TextLine ID="tr_1_tl_40"
                         BASELINE="2154,5109 2229,5104 2305,5103 2380,5106 2456,5109 2531,5110 2607,5115 2682,5115 2758,5119 2833,5124 2909,5124 2985,5123 3060,5128 3136,5133 3211,5133 3287,5133 3362,5133 3438,5133 3513,5133 3589,5133 3665,5127"
                         HEIGHT="230"
                         WIDTH="1523"
                         VPOS="4977"
                         HPOS="2138">
                  <String HEIGHT="230"
                          WIDTH="295"
                          VPOS="4977"
                          HPOS="2089"
                          CONTENT="7."/>
                  <SP HEIGHT="230" WIDTH="49" VPOS="4977" HPOS="2384"/>
                  <String HEIGHT="230"
                          WIDTH="442"
                          VPOS="4977"
                          HPOS="2236"
                          CONTENT="Jeder"/>
                  <SP HEIGHT="230" WIDTH="49" VPOS="4977" HPOS="2678"/>
                  <String HEIGHT="230"
                          WIDTH="590"
                          VPOS="4977"
                          HPOS="2531"
                          CONTENT="Schulth."/>
                  <SP HEIGHT="230" WIDTH="49" VPOS="4977" HPOS="3121"/>
                  <String HEIGHT="230"
                          WIDTH="344"
                          VPOS="4977"
                          HPOS="2973"
                          CONTENT="und"/>
                  <SP HEIGHT="230" WIDTH="49" VPOS="4977" HPOS="3317"/>
                  <String HEIGHT="230"
                          WIDTH="540"
                          VPOS="4977"
                          HPOS="3121"
                          CONTENT="vorsteher"/>
               </TextLine>
               <TextLine ID="tr_1_tl_41"
                         BASELINE="2232,5199 2305,5199 2379,5199 2453,5199 2526,5201 2600,5206 2674,5216 2747,5222 2821,5223 2895,5223 2969,5223 3042,5223 3116,5228 3190,5233 3263,5232 3337,5229 3411,5229 3484,5229 3558,5229 3632,5229 3706,5223"
                         HEIGHT="192"
                         WIDTH="1487"
                         VPOS="5120"
                         HPOS="2218">
                  <String HEIGHT="192"
                          WIDTH="279"
                          VPOS="5120"
                          HPOS="2172"
                          CONTENT="in"/>
                  <SP HEIGHT="192" WIDTH="46" VPOS="5120" HPOS="2450"/>
                  <String HEIGHT="192"
                          WIDTH="418"
                          VPOS="5120"
                          HPOS="2311"
                          CONTENT="desen"/>
                  <SP HEIGHT="192" WIDTH="46" VPOS="5120" HPOS="2729"/>
                  <String HEIGHT="192"
                          WIDTH="325"
                          VPOS="5120"
                          HPOS="2590"
                          CONTENT="ort"/>
                  <SP HEIGHT="192" WIDTH="46" VPOS="5120" HPOS="2915"/>
                  <String HEIGHT="192"
                          WIDTH="325"
                          VPOS="5120"
                          HPOS="2776"
                          CONTENT="ein"/>
                  <SP HEIGHT="192" WIDTH="46" VPOS="5120" HPOS="3101"/>
                  <String HEIGHT="192"
                          WIDTH="651"
                          VPOS="5120"
                          HPOS="2962"
                          CONTENT="foestlecht"/>
                  <SP HEIGHT="192" WIDTH="46" VPOS="5120" HPOS="3612"/>
                  <String HEIGHT="192"
                          WIDTH="279"
                          VPOS="5120"
                          HPOS="3426"
                          CONTENT="woh¬"/>
               </TextLine>
            </TextBlock>
            <TextBlock ID="tr_2" HEIGHT="4811" WIDTH="1719" VPOS="471" HPOS="5103">
               <Shape>
                  <Polygon POINTS="5103,471 5103,5282 6822,5282 6822,471"/>
               </Shape>
               <TextLine ID="tr_2_tl_1"
                         BASELINE="6637,519 6663,522 6689,526 6716,530 6742,532 6769,534 6795,536 6822,531"
                         HEIGHT="134"
                         WIDTH="198"
                         VPOS="428"
                         HPOS="6620">
                  <String HEIGHT="134"
                          WIDTH="330"
                          VPOS="428"
                          HPOS="6488"
                          CONTENT="702"/>
               </TextLine>
               <TextLine ID="tr_2_tl_2"
                         BASELINE="5324,632 5398,637 5473,642 5547,647 5622,648 5697,644 5771,644 5846,644 5920,648 5995,650 6070,648 6144,644 6219,644 6293,649 6368,650 6443,653 6517,656 6592,655 6666,650 6741,655 6816,656"
                         HEIGHT="192"
                         WIDTH="1500"
                         VPOS="520"
                         HPOS="5312">
                  <String HEIGHT="192"
                          WIDTH="387"
                          VPOS="520"
                          HPOS="5264"
                          CONTENT="net,"/>
                  <SP HEIGHT="192" WIDTH="48" VPOS="520" HPOS="5651"/>
                  <String HEIGHT="192"
                          WIDTH="435"
                          VPOS="520"
                          HPOS="5506"
                          CONTENT="solle"/>
                  <SP HEIGHT="192" WIDTH="48" VPOS="520" HPOS="5941"/>
                  <String HEIGHT="192"
                          WIDTH="339"
                          VPOS="520"
                          HPOS="5796"
                          CONTENT="mit"/>
                  <SP HEIGHT="192" WIDTH="48" VPOS="520" HPOS="6135"/>
                  <String HEIGHT="192"
                          WIDTH="629"
                          VPOS="520"
                          HPOS="5989"
                          CONTENT="demselben"/>
                  <SP HEIGHT="192" WIDTH="48" VPOS="520" HPOS="6618"/>
                  <String HEIGHT="192"
                          WIDTH="387"
                          VPOS="520"
                          HPOS="6425"
                          CONTENT="gemei"
                          SUBS_TYPE="HypPart1"
                          SUBS_CONTENT="gemeiciren,"/>
                  <HYP CONTENT="¬"/>
               </TextLine>
               <TextLine ID="tr_2_tl_3"
                         BASELINE="5348,746 5417,746 5487,746 5557,746 5627,743 5697,740 5767,740 5836,740 5906,740 5976,740 6046,739 6116,734 6186,734 6256,737 6325,740 6395,740 6465,740 6535,740 6605,740 6675,739 6745,734"
                         HEIGHT="143"
                         WIDTH="1403"
                         VPOS="653"
                         HPOS="5337">
                  <String HEIGHT="143"
                          WIDTH="540"
                          VPOS="653"
                          HPOS="5283"
                          CONTENT="ciren,"
                          SUBS_TYPE="HypPart2"
                          SUBS_CONTENT="gemeiciren,"/>
                  <SP HEIGHT="143" WIDTH="54" VPOS="653" HPOS="5823"/>
                  <String HEIGHT="143"
                          WIDTH="486"
                          VPOS="653"
                          HPOS="5661"
                          CONTENT="damit"/>
                  <SP HEIGHT="143" WIDTH="54" VPOS="653" HPOS="6146"/>
                  <String HEIGHT="143"
                          WIDTH="324"
                          VPOS="653"
                          HPOS="5985"
                          CONTENT="Er"/>
                  <SP HEIGHT="143" WIDTH="54" VPOS="653" HPOS="6308"/>
                  <String HEIGHT="143"
                          WIDTH="378"
                          VPOS="653"
                          HPOS="6146"
                          CONTENT="den"/>
                  <SP HEIGHT="143" WIDTH="54" VPOS="653" HPOS="6524"/>
                  <String HEIGHT="143"
                          WIDTH="432"
                          VPOS="653"
                          HPOS="6308"
                          CONTENT="Sreiff"/>
               </TextLine>
               <TextLine ID="tr_2_tl_4"
                         BASELINE="5342,823 5413,842 5484,851 5555,860 5626,850 5697,847 5768,847 5839,847 5910,847 5981,847 6052,850 6123,851 6194,848 6265,852 6336,857 6407,859 6478,859 6549,859 6620,859 6691,859 6763,865"
                         HEIGHT="171"
                         WIDTH="1428"
                         VPOS="762"
                         HPOS="5331">
                  <String HEIGHT="171"
                          WIDTH="476"
                          VPOS="762"
                          HPOS="5288"
                          CONTENT="HErstl."/>
                  <SP HEIGHT="171" WIDTH="43" VPOS="762" HPOS="5764"/>
                  <String HEIGHT="171"
                          WIDTH="563"
                          VPOS="762"
                          HPOS="5634"
                          CONTENT="Intention"/>
                  <SP HEIGHT="171" WIDTH="43" VPOS="762" HPOS="6196"/>
                  <String HEIGHT="171"
                          WIDTH="389"
                          VPOS="762"
                          HPOS="6067"
                          CONTENT="gemäs"/>
                  <SP HEIGHT="171" WIDTH="43" VPOS="762" HPOS="6456"/>
                  <String HEIGHT="171"
                          WIDTH="476"
                          VPOS="762"
                          HPOS="6283"
                          CONTENT="beywohnen"/>
               </TextLine>
               <TextLine ID="tr_2_tl_5"
                         BASELINE="5330,919 5355,921 5381,922 5406,924 5432,927 5457,930 5483,933 5509,937 5534,939 5560,940 5585,942 5611,943 5636,943 5662,943 5688,943"
                         HEIGHT="148"
                         WIDTH="367"
                         VPOS="880"
                         HPOS="5316">
                  <String HEIGHT="148"
                          WIDTH="514"
                          VPOS="880"
                          HPOS="5169"
                          CONTENT="möge."/>
               </TextLine>
               <TextLine ID="tr_2_tl_6"
                         BASELINE="5145,1110 5224,1110 5304,1105 5384,1104 5463,1107 5543,1110 5623,1112 5702,1116 5782,1116 5862,1116 5942,1121 6021,1122 6101,1118 6181,1119 6260,1122 6340,1124 6420,1128 6499,1128 6579,1128 6659,1133 6739,1140"
                         HEIGHT="213"
                         WIDTH="1603"
                         VPOS="967"
                         HPOS="5131">
                  <String HEIGHT="213"
                          WIDTH="291"
                          VPOS="967"
                          HPOS="5082"
                          CONTENT="S."/>
                  <SP HEIGHT="213" WIDTH="49" VPOS="967" HPOS="5374"/>
                  <String HEIGHT="213"
                          WIDTH="389"
                          VPOS="967"
                          HPOS="5228"
                          CONTENT="wann"/>
                  <SP HEIGHT="213" WIDTH="49" VPOS="967" HPOS="5617"/>
                  <String HEIGHT="213"
                          WIDTH="340"
                          VPOS="967"
                          HPOS="5471"
                          CONTENT="der"/>
                  <SP HEIGHT="213" WIDTH="49" VPOS="967" HPOS="5811"/>
                  <String HEIGHT="213"
                          WIDTH="534"
                          VPOS="967"
                          HPOS="5665"
                          CONTENT="Streiff"/>
                  <SP HEIGHT="213" WIDTH="49" VPOS="967" HPOS="6200"/>
                  <String HEIGHT="213"
                          WIDTH="534"
                          VPOS="967"
                          HPOS="6054"
                          CONTENT="vorbey,"/>
                  <SP HEIGHT="213" WIDTH="49" VPOS="967" HPOS="6588"/>
                  <String HEIGHT="213"
                          WIDTH="340"
                          VPOS="967"
                          HPOS="6394"
                          CONTENT="solle"/>
               </TextLine>
               <TextLine ID="tr_2_tl_7"
                         BASELINE="5336,1187 5407,1189 5478,1199 5550,1199 5621,1203 5692,1205 5764,1205 5835,1205 5906,1214 5978,1210 6049,1205 6120,1206 6192,1211 6263,1216 6334,1220 6406,1221 6477,1217 6548,1217 6620,1217 6691,1220 6763,1229"
                         HEIGHT="179"
                         WIDTH="1432"
                         VPOS="1114"
                         HPOS="5325">
                  <String HEIGHT="179"
                          WIDTH="391"
                          VPOS="1114"
                          HPOS="5282"
                          CONTENT="jeder"/>
                  <SP HEIGHT="179" WIDTH="43" VPOS="1114" HPOS="5672"/>
                  <String HEIGHT="179"
                          WIDTH="521"
                          VPOS="1114"
                          HPOS="5542"
                          CONTENT="Schulth."/>
                  <SP HEIGHT="179" WIDTH="43" VPOS="1114" HPOS="6063"/>
                  <String HEIGHT="179"
                          WIDTH="434"
                          VPOS="1114"
                          HPOS="5933"
                          CONTENT="seinen"/>
                  <SP HEIGHT="179" WIDTH="43" VPOS="1114" HPOS="6366"/>
                  <String HEIGHT="179"
                          WIDTH="477"
                          VPOS="1114"
                          HPOS="6236"
                          CONTENT="Bericht"/>
                  <SP HEIGHT="179" WIDTH="43" VPOS="1114" HPOS="6714"/>
                  <String HEIGHT="179"
                          WIDTH="217"
                          VPOS="1114"
                          HPOS="6540"
                          CONTENT="zum"/>
               </TextLine>
               <TextLine ID="tr_2_tl_8"
                         BASELINE="5336,1295 5408,1300 5481,1305 5553,1307 5626,1308 5698,1313 5771,1313 5844,1313 5916,1316 5989,1319 6061,1319 6134,1319 6206,1323 6279,1328 6352,1331 6424,1331 6497,1331 6569,1331 6642,1335 6715,1337"
                         HEIGHT="190"
                         WIDTH="1389"
                         VPOS="1211"
                         HPOS="5322">
                  <String HEIGHT="190"
                          WIDTH="493"
                          VPOS="1211"
                          HPOS="5277"
                          CONTENT="Vortamt"/>
                  <SP HEIGHT="190" WIDTH="45" VPOS="1211" HPOS="5770"/>
                  <String HEIGHT="190"
                          WIDTH="717"
                          VPOS="1211"
                          HPOS="5636"
                          CONTENT="einschicken,"/>
                  <SP HEIGHT="190" WIDTH="45" VPOS="1211" HPOS="6353"/>
                  <String HEIGHT="190"
                          WIDTH="269"
                          VPOS="1211"
                          HPOS="6218"
                          CONTENT="ob"/>
                  <SP HEIGHT="190" WIDTH="45" VPOS="1211" HPOS="6487"/>
                  <String HEIGHT="190"
                          WIDTH="314"
                          VPOS="1211"
                          HPOS="6353"
                          CONTENT="und"/>
                  <SP HEIGHT="190" WIDTH="45" VPOS="1211" HPOS="6666"/>
                  <String HEIGHT="190"
                          WIDTH="224"
                          VPOS="1211"
                          HPOS="6487"
                          CONTENT="was"/>
               </TextLine>
               <TextLine ID="tr_2_tl_9"
                         BASELINE="5330,1402 5402,1407 5475,1412 5547,1417 5620,1420 5692,1420 5765,1420 5838,1420 5910,1423 5983,1428 6055,1432 6128,1432 6200,1432 6273,1432 6346,1432 6418,1432 6491,1432 6563,1432 6636,1436 6709,1444"
                         HEIGHT="193"
                         WIDTH="1388"
                         VPOS="1321"
                         HPOS="5316">
                  <String HEIGHT="193"
                          WIDTH="403"
                          VPOS="1321"
                          HPOS="5271"
                          CONTENT="seine"/>
                  <SP HEIGHT="193" WIDTH="45" VPOS="1321" HPOS="5674"/>
                  <String HEIGHT="193"
                          WIDTH="761"
                          VPOS="1321"
                          HPOS="5540"
                          CONTENT="ausgeschickte"/>
                  <SP HEIGHT="193" WIDTH="45" VPOS="1321" HPOS="6301"/>
                  <String HEIGHT="193"
                          WIDTH="582"
                          VPOS="1321"
                          HPOS="6122"
                          CONTENT="Mannschafft"/>
               </TextLine>
               <TextLine ID="tr_2_tl_10"
                         BASELINE="5336,1492 5406,1501 5476,1507 5547,1510 5617,1511 5688,1516 5758,1520 5829,1519 5899,1518 5970,1522 6040,1527 6110,1528 6181,1531 6251,1534 6322,1534 6392,1534 6463,1530 6533,1530 6604,1534 6674,1534 6745,1534"
                         HEIGHT="181"
                         WIDTH="1413"
                         VPOS="1422"
                         HPOS="5325">
                  <String HEIGHT="181"
                          WIDTH="618"
                          VPOS="1422"
                          HPOS="5281"
                          CONTENT="allenfalls"/>
                  <SP HEIGHT="181" WIDTH="44" VPOS="1422" HPOS="5899"/>
                  <String HEIGHT="181"
                          WIDTH="707"
                          VPOS="1422"
                          HPOS="5767"
                          CONTENT="angetroffen,"/>
                  <SP HEIGHT="181" WIDTH="44" VPOS="1422" HPOS="6473"/>
                  <String HEIGHT="181"
                          WIDTH="309"
                          VPOS="1422"
                          HPOS="6341"
                          CONTENT="und"/>
                  <SP HEIGHT="181" WIDTH="44" VPOS="1422" HPOS="6650"/>
                  <String HEIGHT="181"
                          WIDTH="265"
                          VPOS="1422"
                          HPOS="6473"
                          CONTENT="sich"/>
               </TextLine>
               <TextLine ID="tr_2_tl_11"
                         BASELINE="5342,1593 5411,1602 5481,1608 5550,1613 5620,1617 5689,1617 5759,1621 5828,1623 5898,1623 5967,1623 6037,1628 6107,1629 6176,1631 6246,1635 6315,1635 6385,1635 6454,1635 6524,1636 6593,1641 6663,1641 6733,1641"
                         HEIGHT="202"
                         WIDTH="1398"
                         VPOS="1531"
                         HPOS="5329">
                  <String HEIGHT="202"
                          WIDTH="513"
                          VPOS="1531"
                          HPOS="5282"
                          CONTENT="sonsten"/>
                  <SP HEIGHT="202" WIDTH="47" VPOS="1531" HPOS="5795"/>
                  <String HEIGHT="202"
                          WIDTH="559"
                          VPOS="1531"
                          HPOS="5655"
                          CONTENT="ereignet"/>
                  <SP HEIGHT="202" WIDTH="47" VPOS="1531" HPOS="6214"/>
                  <String HEIGHT="202"
                          WIDTH="419"
                          VPOS="1531"
                          HPOS="6075"
                          CONTENT="haben"/>
                  <SP HEIGHT="202" WIDTH="47" VPOS="1531" HPOS="6494"/>
                  <String HEIGHT="202"
                          WIDTH="419"
                          VPOS="1531"
                          HPOS="6308"
                          CONTENT="möchte."/>
               </TextLine>
               <TextLine ID="tr_2_tl_12"
                         BASELINE="5276,1796 5350,1801 5424,1802 5499,1805 5573,1808 5647,1809 5722,1814 5796,1819 5870,1820 5945,1823 6019,1824 6093,1821 6168,1826 6242,1831 6316,1836 6391,1835 6465,1834 6539,1838 6614,1838 6688,1833 6763,1838"
                         HEIGHT="202"
                         WIDTH="1498"
                         VPOS="1687"
                         HPOS="5261">
                  <String HEIGHT="202"
                          WIDTH="620"
                          VPOS="1687"
                          HPOS="5209"
                          CONTENT="Übrigens"/>
                  <SP HEIGHT="202" WIDTH="52" VPOS="1687" HPOS="5829"/>
                  <String HEIGHT="202"
                          WIDTH="465"
                          VPOS="1687"
                          HPOS="5674"
                          CONTENT="wurde"/>
                  <SP HEIGHT="202" WIDTH="52" VPOS="1687" HPOS="6139"/>
                  <String HEIGHT="202"
                          WIDTH="620"
                          VPOS="1687"
                          HPOS="5984"
                          CONTENT="beliebt,"/>
                  <SP HEIGHT="202" WIDTH="52" VPOS="1687" HPOS="6604"/>
                  <String HEIGHT="202"
                          WIDTH="362"
                          VPOS="1687"
                          HPOS="6397"
                          CONTENT="denen"/>
               </TextLine>
               <TextLine ID="tr_2_tl_13"
                         BASELINE="5294,1880 5368,1880 5442,1888 5517,1892 5591,1894 5665,1899 5740,1904 5814,1909 5888,1914 5963,1919 6037,1920 6111,1917 6186,1922 6260,1927 6334,1928 6409,1928 6483,1930 6557,1935 6632,1940 6706,1945 6781,1940"
                         HEIGHT="205"
                         WIDTH="1498"
                         VPOS="1809"
                         HPOS="5280">
                  <String HEIGHT="205"
                          WIDTH="545"
                          VPOS="1809"
                          HPOS="5235"
                          CONTENT="dißfalls"/>
                  <SP HEIGHT="205" WIDTH="45" VPOS="1809" HPOS="5779"/>
                  <String HEIGHT="205"
                          WIDTH="545"
                          VPOS="1809"
                          HPOS="5643"
                          CONTENT="bemuhten"/>
                  <SP HEIGHT="205" WIDTH="45" VPOS="1809" HPOS="6188"/>
                  <String HEIGHT="205"
                          WIDTH="272"
                          VPOS="1809"
                          HPOS="6052"
                          CONTENT="ex"/>
                  <SP HEIGHT="205" WIDTH="45" VPOS="1809" HPOS="6324"/>
                  <String HEIGHT="205"
                          WIDTH="409"
                          VPOS="1809"
                          HPOS="6188"
                          CONTENT="Cassa"/>
                  <SP HEIGHT="205" WIDTH="45" VPOS="1809" HPOS="6596"/>
                  <String HEIGHT="205"
                          WIDTH="363"
                          VPOS="1809"
                          HPOS="6415"
                          CONTENT="nichts"/>
               </TextLine>
               <TextLine ID="tr_2_tl_14"
                         BASELINE="5306,1987 5378,1982 5451,1981 5524,1984 5597,1987 5670,1987 5743,1992 5815,2001 5888,2005 5961,2005 6034,2006 6107,2011 6180,2016 6253,2017 6325,2017 6398,2019 6471,2029 6544,2029 6617,2033 6690,2040 6763,2041"
                         HEIGHT="173"
                         WIDTH="1466"
                         VPOS="1904"
                         HPOS="5293">
                  <String HEIGHT="173"
                          WIDTH="431"
                          VPOS="1904"
                          HPOS="5250"
                          CONTENT="zahlen"/>
                  <SP HEIGHT="173" WIDTH="43" VPOS="1904" HPOS="5681"/>
                  <String HEIGHT="173"
                          WIDTH="517"
                          VPOS="1904"
                          HPOS="5552"
                          CONTENT="zulaßen,"/>
                  <SP HEIGHT="173" WIDTH="43" VPOS="1904" HPOS="6069"/>
                  <String HEIGHT="173"
                          WIDTH="388"
                          VPOS="1904"
                          HPOS="5940"
                          CONTENT="solte"/>
                  <SP HEIGHT="173" WIDTH="43" VPOS="1904" HPOS="6328"/>
                  <String HEIGHT="173"
                          WIDTH="388"
                          VPOS="1904"
                          HPOS="6198"
                          CONTENT="aber,"/>
                  <SP HEIGHT="173" WIDTH="43" VPOS="1904" HPOS="6587"/>
                  <String HEIGHT="173"
                          WIDTH="345"
                          VPOS="1904"
                          HPOS="6414"
                          CONTENT="weilen"/>
               </TextLine>
               <TextLine ID="tr_2_tl_15"
                         BASELINE="5330,2083 5403,2088 5476,2089 5550,2089 5623,2089 5697,2090 5770,2094 5844,2099 5917,2101 5991,2101 6064,2102 6137,2107 6211,2112 6284,2117 6358,2119 6431,2119 6505,2120 6578,2125 6652,2134 6725,2140 6799,2148"
                         HEIGHT="186"
                         WIDTH="1479"
                         VPOS="2007"
                         HPOS="5318">
                  <String HEIGHT="186"
                          WIDTH="254"
                          VPOS="2007"
                          HPOS="5276"
                          CONTENT="es"/>
                  <SP HEIGHT="186" WIDTH="42" VPOS="2007" HPOS="5529"/>
                  <String HEIGHT="186"
                          WIDTH="338"
                          VPOS="2007"
                          HPOS="5403"
                          CONTENT="eine"/>
                  <SP HEIGHT="186" WIDTH="42" VPOS="2007" HPOS="5741"/>
                  <String HEIGHT="186"
                          WIDTH="592"
                          VPOS="2007"
                          HPOS="5614"
                          CONTENT="allgemeine"/>
                  <SP HEIGHT="186" WIDTH="42" VPOS="2007" HPOS="6205"/>
                  <String HEIGHT="186"
                          WIDTH="380"
                          VPOS="2007"
                          HPOS="6079"
                          CONTENT="Kreyß"/>
                  <SP HEIGHT="186" WIDTH="42" VPOS="2007" HPOS="6459"/>
                  <String HEIGHT="186"
                          WIDTH="380"
                          VPOS="2007"
                          HPOS="6332"
                          CONTENT="Sache"/>
                  <SP HEIGHT="186" WIDTH="42" VPOS="2007" HPOS="6712"/>
                  <String HEIGHT="186"
                          WIDTH="254"
                          VPOS="2007"
                          HPOS="6543"
                          CONTENT="ist,"/>
               </TextLine>
               <TextLine ID="tr_2_tl_16"
                         BASELINE="5324,2172 5395,2177 5466,2182 5538,2186 5609,2191 5680,2196 5752,2196 5823,2199 5894,2204 5966,2209 6037,2214 6108,2219 6180,2223 6251,2228 6322,2232 6394,2232 6465,2241 6536,2244 6608,2244 6679,2245 6751,2250"
                         HEIGHT="194"
                         WIDTH="1438"
                         VPOS="2108"
                         HPOS="5310">
                  <String HEIGHT="194"
                          WIDTH="336"
                          VPOS="2108"
                          HPOS="5262"
                          CONTENT="mit"/>
                  <SP HEIGHT="194" WIDTH="48" VPOS="2108" HPOS="5598"/>
                  <String HEIGHT="194"
                          WIDTH="336"
                          VPOS="2108"
                          HPOS="5454"
                          CONTENT="der"/>
                  <SP HEIGHT="194" WIDTH="48" VPOS="2108" HPOS="5789"/>
                  <String HEIGHT="194"
                          WIDTH="383"
                          VPOS="2108"
                          HPOS="5646"
                          CONTENT="Zeit"/>
                  <SP HEIGHT="194" WIDTH="48" VPOS="2108" HPOS="6029"/>
                  <String HEIGHT="194"
                          WIDTH="479"
                          VPOS="2108"
                          HPOS="5885"
                          CONTENT="einige"/>
                  <SP HEIGHT="194" WIDTH="48" VPOS="2108" HPOS="6365"/>
                  <String HEIGHT="194"
                          WIDTH="575"
                          VPOS="2108"
                          HPOS="6173"
                          CONTENT="borifiaaor"/>
               </TextLine>
               <TextLine ID="tr_2_tl_17"
                         BASELINE="5324,2286 5396,2286 5468,2293 5540,2300 5613,2304 5685,2304 5757,2309 5829,2310 5902,2313 5974,2316 6046,2316 6118,2321 6191,2330 6263,2336 6335,2339 6407,2339 6480,2339 6552,2339 6624,2345 6696,2353 6769,2357"
                         HEIGHT="189"
                         WIDTH="1455"
                         VPOS="2218"
                         HPOS="5308">
                  <String HEIGHT="189"
                          WIDTH="599"
                          VPOS="2218"
                          HPOS="5265"
                          CONTENT="geschehen,"/>
                  <SP HEIGHT="189" WIDTH="43" VPOS="2218" HPOS="5864"/>
                  <String HEIGHT="189"
                          WIDTH="385"
                          VPOS="2218"
                          HPOS="5736"
                          CONTENT="solle"/>
                  <SP HEIGHT="189" WIDTH="43" VPOS="2218" HPOS="6121"/>
                  <String HEIGHT="189"
                          WIDTH="257"
                          VPOS="2218"
                          HPOS="5993"
                          CONTENT="es"/>
                  <SP HEIGHT="189" WIDTH="43" VPOS="2218" HPOS="6249"/>
                  <String HEIGHT="189"
                          WIDTH="385"
                          VPOS="2218"
                          HPOS="6121"
                          CONTENT="denen"/>
                  <SP HEIGHT="189" WIDTH="43" VPOS="2218" HPOS="6506"/>
                  <String HEIGHT="189"
                          WIDTH="428"
                          VPOS="2218"
                          HPOS="6335"
                          CONTENT="bemühten"/>
               </TextLine>
               <TextLine ID="tr_2_tl_18"
                         BASELINE="5324,2387 5396,2392 5468,2400 5540,2407 5613,2412 5685,2417 5757,2422 5829,2423 5902,2426 5974,2431 6046,2435 6118,2440 6191,2441 6263,2441 6335,2443 6407,2448 6480,2452 6552,2453 6624,2456 6696,2461 6769,2471"
                         HEIGHT="181"
                         WIDTH="1453"
                         VPOS="2321"
                         HPOS="5310">
                  <String HEIGHT="181"
                          WIDTH="415"
                          VPOS="2321"
                          HPOS="5258"
                          CONTENT="noch"/>
                  <SP HEIGHT="181" WIDTH="52" VPOS="2321" HPOS="5673"/>
                  <String HEIGHT="181"
                          WIDTH="311"
                          VPOS="2321"
                          HPOS="5518"
                          CONTENT="zu"/>
                  <SP HEIGHT="181" WIDTH="52" VPOS="2321" HPOS="5829"/>
                  <String HEIGHT="181"
                          WIDTH="467"
                          VPOS="2321"
                          HPOS="5673"
                          CONTENT="gutem"/>
                  <SP HEIGHT="181" WIDTH="52" VPOS="2321" HPOS="6140"/>
                  <String HEIGHT="181"
                          WIDTH="571"
                          VPOS="2321"
                          HPOS="5985"
                          CONTENT="kommen,"/>
                  <SP HEIGHT="181" WIDTH="52" VPOS="2321" HPOS="6555"/>
                  <String HEIGHT="181"
                          WIDTH="311"
                          VPOS="2321"
                          HPOS="6400"
                          CONTENT="zu"/>
                  <SP HEIGHT="181" WIDTH="52" VPOS="2321" HPOS="6711"/>
                  <String HEIGHT="181"
                          WIDTH="259"
                          VPOS="2321"
                          HPOS="6504"
                          CONTENT="dem"/>
               </TextLine>
               <TextLine ID="tr_2_tl_19"
                         BASELINE="5294,2501 5367,2511 5441,2521 5515,2527 5589,2532 5662,2536 5736,2536 5810,2541 5884,2542 5957,2544 6031,2549 6105,2554 6179,2559 6252,2564 6326,2566 6400,2568 6474,2572 6547,2572 6621,2577 6695,2578 6769,2584"
                         HEIGHT="200"
                         WIDTH="1483"
                         VPOS="2437"
                         HPOS="5280">
                  <String HEIGHT="200"
                          WIDTH="349"
                          VPOS="2437"
                          HPOS="5236"
                          CONTENT="Ende"/>
                  <SP HEIGHT="200" WIDTH="44" VPOS="2437" HPOS="5585"/>
                  <String HEIGHT="200"
                          WIDTH="393"
                          VPOS="2437"
                          HPOS="5454"
                          CONTENT="solle"/>
                  <SP HEIGHT="200" WIDTH="44" VPOS="2437" HPOS="5847"/>
                  <String HEIGHT="200"
                          WIDTH="393"
                          VPOS="2437"
                          HPOS="5716"
                          CONTENT="jeder"/>
                  <SP HEIGHT="200" WIDTH="44" VPOS="2437" HPOS="6109"/>
                  <String HEIGHT="200"
                          WIDTH="523"
                          VPOS="2437"
                          HPOS="5978"
                          CONTENT="Khulthl."/>
                  <SP HEIGHT="200" WIDTH="44" VPOS="2437" HPOS="6501"/>
                  <String HEIGHT="200"
                          WIDTH="349"
                          VPOS="2437"
                          HPOS="6370"
                          CONTENT="über"/>
                  <SP HEIGHT="200" WIDTH="44" VPOS="2437" HPOS="6719"/>
                  <String HEIGHT="200"
                          WIDTH="218"
                          VPOS="2437"
                          HPOS="6545"
                          CONTENT="die"/>
               </TextLine>
               <TextLine ID="tr_2_tl_20"
                         BASELINE="5306,2614 5376,2623 5446,2629 5516,2636 5586,2645 5656,2649 5726,2654 5797,2656 5867,2658 5937,2662 6007,2667 6077,2675 6147,2680 6217,2681 6288,2686 6358,2690 6428,2695 6498,2698 6568,2698 6638,2698 6709,2698"
                         HEIGHT="207"
                         WIDTH="1411"
                         VPOS="2559"
                         HPOS="5293">
                  <String HEIGHT="207"
                          WIDTH="605"
                          VPOS="2559"
                          HPOS="5253"
                          CONTENT="Mannschafft"/>
                  <SP HEIGHT="207" WIDTH="40" VPOS="2559" HPOS="5857"/>
                  <String HEIGHT="207"
                          WIDTH="323"
                          VPOS="2559"
                          HPOS="5736"
                          CONTENT="eine"/>
                  <SP HEIGHT="207" WIDTH="40" VPOS="2559" HPOS="6059"/>
                  <String HEIGHT="207"
                          WIDTH="484"
                          VPOS="2559"
                          HPOS="5938"
                          CONTENT="Consigl."/>
                  <SP HEIGHT="207" WIDTH="40" VPOS="2559" HPOS="6422"/>
                  <String HEIGHT="207"
                          WIDTH="443"
                          VPOS="2559"
                          HPOS="6261"
                          CONTENT="begrecfen"/>
               </TextLine>
               <TextLine ID="tr_2_tl_21"
                         BASELINE="5294,2722 5372,2726 5451,2732 5530,2741 5609,2748 5688,2753 5767,2759 5846,2764 5925,2770 6004,2780 6082,2781 6161,2785 6240,2787 6319,2792 6398,2803 6477,2812 6556,2817 6635,2817 6714,2822 6793,2829"
                         HEIGHT="259"
                         WIDTH="1513"
                         VPOS="2641"
                         HPOS="5278">
                  <String HEIGHT="259"
                          WIDTH="294"
                          VPOS="2641"
                          HPOS="5236"
                          CONTENT="und"/>
                  <SP HEIGHT="259" WIDTH="42" VPOS="2641" HPOS="5530"/>
                  <String HEIGHT="259"
                          WIDTH="420"
                          VPOS="2641"
                          HPOS="5404"
                          CONTENT="solche"/>
                  <SP HEIGHT="259" WIDTH="42" VPOS="2641" HPOS="5824"/>
                  <String HEIGHT="259"
                          WIDTH="714"
                          VPOS="2641"
                          HPOS="5698"
                          CONTENT="wohlverwohlig"/>
                  <SP HEIGHT="259" WIDTH="42" VPOS="2641" HPOS="6413"/>
                  <String HEIGHT="259"
                          WIDTH="546"
                          VPOS="2641"
                          HPOS="6245"
                          CONTENT="aufbehalten"/>
               </TextLine>
               <TextLine ID="tr_2_tl_22"
                         BASELINE="5103,3074 5187,3080 5271,3085 5355,3086 5439,3095 5524,3102 5608,3108 5692,3116 5776,3121 5860,3124 5945,3129 6029,3137 6113,3145 6197,3148 6281,3158 6366,3163 6450,3164 6534,3175 6618,3175 6702,3180 6787,3187"
                         HEIGHT="276"
                         WIDTH="1698"
                         VPOS="2951"
                         HPOS="5084">
                  <String HEIGHT="276"
                          WIDTH="400"
                          VPOS="2951"
                          HPOS="5034"
                          CONTENT="Auff"/>
                  <SP HEIGHT="276" WIDTH="50" VPOS="2951" HPOS="5434"/>
                  <String HEIGHT="276"
                          WIDTH="400"
                          VPOS="2951"
                          HPOS="5284"
                          CONTENT="das:"/>
                  <SP HEIGHT="276" WIDTH="50" VPOS="2951" HPOS="5683"/>
                  <String HEIGHT="276"
                          WIDTH="350"
                          VPOS="2951"
                          HPOS="5533"
                          CONTENT="von"/>
                  <SP HEIGHT="276" WIDTH="50" VPOS="2951" HPOS="5883"/>
                  <String HEIGHT="276"
                          WIDTH="350"
                          VPOS="2951"
                          HPOS="5733"
                          CONTENT="dem"/>
                  <SP HEIGHT="276" WIDTH="50" VPOS="2951" HPOS="6083"/>
                  <String HEIGHT="276"
                          WIDTH="449"
                          VPOS="2951"
                          HPOS="5933"
                          CONTENT="Magl."/>
                  <SP HEIGHT="276" WIDTH="50" VPOS="2951" HPOS="6382"/>
                  <String HEIGHT="276"
                          WIDTH="300"
                          VPOS="2951"
                          HPOS="6233"
                          CONTENT="zu"/>
                  <SP HEIGHT="276" WIDTH="50" VPOS="2951" HPOS="6532"/>
                  <String HEIGHT="276"
                          WIDTH="449"
                          VPOS="2951"
                          HPOS="6333"
                          CONTENT="Herren"
                          SUBS_TYPE="HypPart1"
                          SUBS_CONTENT="HerrenBerg"/>
                  <HYP CONTENT="¬"/>
               </TextLine>
               <TextLine ID="tr_2_tl_23"
                         BASELINE="5306,3163 5379,3173 5452,3179 5525,3186 5598,3195 5671,3199 5744,3204 5818,3209 5891,3214 5964,3221 6037,3230 6110,3235 6183,3244 6256,3254 6330,3262 6403,3266 6476,3271 6549,3276 6622,3281 6695,3286 6769,3289"
                         HEIGHT="229"
                         WIDTH="1474"
                         VPOS="3105"
                         HPOS="5289">
                  <String HEIGHT="229"
                          WIDTH="380"
                          VPOS="3105"
                          HPOS="5241"
                          CONTENT="Berg"
                          SUBS_TYPE="HypPart2"
                          SUBS_CONTENT="HerrenBerg"/>
                  <SP HEIGHT="229" WIDTH="48" VPOS="3105" HPOS="5622"/>
                  <String HEIGHT="229"
                          WIDTH="475"
                          VPOS="3105"
                          HPOS="5479"
                          CONTENT="unterm"/>
                  <SP HEIGHT="229" WIDTH="48" VPOS="3105" HPOS="5955"/>
                  <String HEIGHT="229"
                          WIDTH="380"
                          VPOS="3105"
                          HPOS="5812"
                          CONTENT="7ten"/>
                  <SP HEIGHT="229" WIDTH="48" VPOS="3105" HPOS="6192"/>
                  <String HEIGHT="229"
                          WIDTH="428"
                          VPOS="3105"
                          HPOS="6050"
                          CONTENT="Aupsi"/>
                  <SP HEIGHT="229" WIDTH="48" VPOS="3105" HPOS="6478"/>
                  <String HEIGHT="229"
                          WIDTH="475"
                          VPOS="3105"
                          HPOS="6288"
                          CONTENT="erlasene"/>
               </TextLine>
               <TextLine ID="tr_2_tl_24"
                         BASELINE="5306,3283 5378,3288 5451,3293 5524,3298 5597,3302 5670,3307 5743,3311 5815,3316 5888,3321 5961,3328 6034,3337 6107,3342 6180,3347 6253,3351 6325,3359 6398,3367 6471,3372 6544,3377 6617,3378 6690,3381 6763,3384"
                         HEIGHT="249"
                         WIDTH="1468"
                         VPOS="3191"
                         HPOS="5293">
                  <String HEIGHT="249"
                          WIDTH="642"
                          VPOS="3191"
                          HPOS="5247"
                          CONTENT="Schreiben,"/>
                  <SP HEIGHT="249" WIDTH="46" VPOS="3191" HPOS="5889"/>
                  <String HEIGHT="249"
                          WIDTH="459"
                          VPOS="3191"
                          HPOS="5752"
                          CONTENT="vermög"/>
                  <SP HEIGHT="249" WIDTH="46" VPOS="3191" HPOS="6211"/>
                  <String HEIGHT="249"
                          WIDTH="413"
                          VPOS="3191"
                          HPOS="6073"
                          CONTENT="desen"/>
                  <SP HEIGHT="249" WIDTH="46" VPOS="3191" HPOS="6486"/>
                  <String HEIGHT="249"
                          WIDTH="459"
                          VPOS="3191"
                          HPOS="6302"
                          CONTENT="derselbe"/>
               </TextLine>
               <TextLine ID="tr_2_tl_25"
                         BASELINE="5300,3378 5370,3392 5440,3399 5511,3404 5581,3408 5652,3408 5722,3417 5793,3423 5863,3428 5934,3433 6004,3442 6074,3448 6145,3453 6215,3457 6286,3462 6356,3471 6427,3478 6497,3480 6568,3482 6638,3491 6709,3492"
                         HEIGHT="232"
                         WIDTH="1419"
                         VPOS="3307"
                         HPOS="5285">
                  <String HEIGHT="232"
                          WIDTH="355"
                          VPOS="3307"
                          HPOS="5234"
                          CONTENT="die"/>
                  <SP HEIGHT="232" WIDTH="51" VPOS="3307" HPOS="5589"/>
                  <String HEIGHT="232"
                          WIDTH="659"
                          VPOS="3307"
                          HPOS="5437"
                          CONTENT="Abführung"/>
                  <SP HEIGHT="232" WIDTH="51" VPOS="3307" HPOS="6096"/>
                  <String HEIGHT="232"
                          WIDTH="355"
                          VPOS="3307"
                          HPOS="5944"
                          CONTENT="des"/>
                  <SP HEIGHT="232" WIDTH="51" VPOS="3307" HPOS="6299"/>
                  <String HEIGHT="232"
                          WIDTH="608"
                          VPOS="3307"
                          HPOS="6096"
                          CONTENT="Rückstands"/>
               </TextLine>
               <TextLine ID="tr_2_tl_26"
                         BASELINE="5318,3498 5389,3502 5461,3507 5532,3514 5604,3522 5676,3527 5747,3532 5819,3537 5891,3544 5962,3552 6034,3557 6106,3562 6177,3567 6249,3571 6321,3576 6392,3581 6464,3586 6536,3591 6607,3593 6679,3594 6751,3599"
                         HEIGHT="223"
                         WIDTH="1447"
                         VPOS="3423"
                         HPOS="5301">
                  <String HEIGHT="223"
                          WIDTH="334"
                          VPOS="3423"
                          HPOS="5245"
                          CONTENT="an"/>
                  <SP HEIGHT="223" WIDTH="56" VPOS="3423" HPOS="5579"/>
                  <String HEIGHT="223"
                          WIDTH="501"
                          VPOS="3423"
                          HPOS="5412"
                          CONTENT="denen"/>
                  <SP HEIGHT="223" WIDTH="56" VPOS="3423" HPOS="5913"/>
                  <String HEIGHT="223"
                          WIDTH="1057"
                          VPOS="3423"
                          HPOS="5691"
                          CONTENT="Vertwarmaglischen"/>
               </TextLine>
               <TextLine ID="tr_2_tl_27"
                         BASELINE="5318,3623 5384,3627 5451,3635 5517,3641 5584,3641 5650,3641 5717,3641 5783,3642 5850,3647 5916,3655 5983,3659 6050,3659 6116,3659 6183,3663 6249,3667 6316,3672 6382,3676 6449,3681 6515,3685 6582,3689 6649,3689"
                         HEIGHT="219"
                         WIDTH="1346"
                         VPOS="3517"
                         HPOS="5301">
                  <String HEIGHT="219"
                          WIDTH="569"
                          VPOS="3517"
                          HPOS="5249"
                          CONTENT="zusaren"/>
                  <SP HEIGHT="219" WIDTH="52" VPOS="3517" HPOS="5819"/>
                  <String HEIGHT="219"
                          WIDTH="725"
                          VPOS="3517"
                          HPOS="5663"
                          CONTENT="Concurvenz"/>
                  <SP HEIGHT="219" WIDTH="52" VPOS="3517" HPOS="6388"/>
                  <String HEIGHT="219"
                          WIDTH="466"
                          VPOS="3517"
                          HPOS="6181"
                          CONTENT="geldern"/>
               </TextLine>
               <TextLine ID="tr_2_tl_28"
                         BASELINE="5288,3718 5363,3723 5439,3728 5515,3733 5591,3736 5667,3736 5743,3736 5818,3741 5894,3747 5970,3752 6046,3757 6122,3760 6198,3761 6274,3766 6349,3766 6425,3770 6501,3775 6577,3780 6653,3784 6729,3785 6805,3790"
                         HEIGHT="196"
                         WIDTH="1523"
                         VPOS="3633"
                         HPOS="5276">
                  <String HEIGHT="196"
                          WIDTH="609"
                          VPOS="3633"
                          HPOS="5232"
                          CONTENT="zubezahlen"/>
                  <SP HEIGHT="196" WIDTH="44" VPOS="3633" HPOS="5842"/>
                  <String HEIGHT="196"
                          WIDTH="522"
                          VPOS="3633"
                          HPOS="5711"
                          CONTENT="uegiren,"/>
                  <SP HEIGHT="196" WIDTH="44" VPOS="3633" HPOS="6233"/>
                  <String HEIGHT="196"
                          WIDTH="348"
                          VPOS="3633"
                          HPOS="6103"
                          CONTENT="auch"/>
                  <SP HEIGHT="196" WIDTH="44" VPOS="3633" HPOS="6451"/>
                  <String HEIGHT="196"
                          WIDTH="305"
                          VPOS="3633"
                          HPOS="6320"
                          CONTENT="daß"/>
                  <SP HEIGHT="196" WIDTH="44" VPOS="3633" HPOS="6625"/>
                  <String HEIGHT="196"
                          WIDTH="305"
                          VPOS="3633"
                          HPOS="6494"
                          CONTENT="sie"/>
                  <SP HEIGHT="196" WIDTH="44" VPOS="3633" HPOS="6799"/>
                  <String HEIGHT="196"
                          WIDTH="174"
                          VPOS="3633"
                          HPOS="6625"
                          CONTENT="Er"/>
               </TextLine>
               <TextLine ID="tr_2_tl_29"
                         BASELINE="5300,3826 5373,3831 5446,3836 5520,3841 5593,3844 5667,3844 5740,3844 5814,3844 5887,3847 5961,3850 6034,3851 6107,3856 6181,3861 6254,3862 6328,3868 6401,3874 6475,3875 6548,3880 6622,3880 6695,3883 6769,3886"
                         HEIGHT="181"
                         WIDTH="1476"
                         VPOS="3749"
                         HPOS="5289">
                  <String HEIGHT="181"
                          WIDTH="323"
                          VPOS="3749"
                          HPOS="5243"
                          CONTENT="die"/>
                  <SP HEIGHT="181" WIDTH="46" VPOS="3749" HPOS="5566"/>
                  <String HEIGHT="181"
                          WIDTH="554"
                          VPOS="3749"
                          HPOS="5427"
                          CONTENT="dißfalls"/>
                  <SP HEIGHT="181" WIDTH="46" VPOS="3749" HPOS="5981"/>
                  <String HEIGHT="181"
                          WIDTH="277"
                          VPOS="3749"
                          HPOS="5843"
                          CONTENT="zu"/>
                  <SP HEIGHT="181" WIDTH="46" VPOS="3749" HPOS="6119"/>
                  <String HEIGHT="181"
                          WIDTH="554"
                          VPOS="3749"
                          HPOS="5981"
                          CONTENT="gandiren"/>
                  <SP HEIGHT="181" WIDTH="46" VPOS="3749" HPOS="6534"/>
                  <String HEIGHT="181"
                          WIDTH="415"
                          VPOS="3749"
                          HPOS="6350"
                          CONTENT="habende"/>
               </TextLine>
               <TextLine ID="tr_2_tl_30"
                         BASELINE="5288,3921 5361,3926 5434,3935 5507,3944 5580,3949 5653,3945 5726,3945 5800,3949 5873,3951 5946,3953 6019,3958 6092,3963 6165,3968 6238,3969 6312,3969 6385,3970 6458,3975 6531,3975 6604,3975 6677,3978 6751,3981"
                         HEIGHT="206"
                         WIDTH="1476"
                         VPOS="3840"
                         HPOS="5272">
                  <String HEIGHT="206"
                          WIDTH="656"
                          VPOS="3840"
                          HPOS="5231"
                          CONTENT="Landschafftl"/>
                  <SP HEIGHT="206" WIDTH="41" VPOS="3840" HPOS="5887"/>
                  <String HEIGHT="206"
                          WIDTH="574"
                          VPOS="3840"
                          HPOS="5764"
                          CONTENT="bonificat:"/>
                  <SP HEIGHT="206" WIDTH="41" VPOS="3840" HPOS="6338"/>
                  <String HEIGHT="206"
                          WIDTH="410"
                          VPOS="3840"
                          HPOS="6215"
                          CONTENT="gelder"/>
                  <SP HEIGHT="206" WIDTH="41" VPOS="3840" HPOS="6625"/>
                  <String HEIGHT="206"
                          WIDTH="287"
                          VPOS="3840"
                          HPOS="6461"
                          CONTENT="auser"/>
               </TextLine>
               <TextLine ID="tr_2_tl_31"
                         BASELINE="5300,4017 5374,4027 5448,4033 5522,4035 5596,4037 5670,4041 5744,4041 5818,4046 5892,4051 5966,4056 6040,4061 6114,4065 6188,4065 6262,4065 6336,4068 6410,4071 6484,4071 6558,4071 6632,4071 6706,4075 6781,4077"
                         HEIGHT="147"
                         WIDTH="1491"
                         VPOS="3960"
                         HPOS="5287">
                  <String HEIGHT="147"
                          WIDTH="373"
                          VPOS="3960"
                          HPOS="5246"
                          CONTENT="denen"/>
                  <SP HEIGHT="147" WIDTH="41" VPOS="3960" HPOS="5618"/>
                  <String HEIGHT="147"
                          WIDTH="331"
                          VPOS="3960"
                          HPOS="5494"
                          CONTENT="auff"/>
                  <SP HEIGHT="147" WIDTH="41" VPOS="3960" HPOS="5825"/>
                  <String HEIGHT="147"
                          WIDTH="456"
                          VPOS="3960"
                          HPOS="5701"
                          CONTENT="Martins"/>
                  <SP HEIGHT="147" WIDTH="41" VPOS="3960" HPOS="6157"/>
                  <String HEIGHT="147"
                          WIDTH="249"
                          VPOS="3960"
                          HPOS="6033"
                          CONTENT="K."/>
                  <SP HEIGHT="147" WIDTH="41" VPOS="3960" HPOS="6281"/>
                  <String HEIGHT="147"
                          WIDTH="290"
                          VPOS="3960"
                          HPOS="6157"
                          CONTENT="ar."/>
                  <SP HEIGHT="147" WIDTH="41" VPOS="3960" HPOS="6447"/>
                  <String HEIGHT="147"
                          WIDTH="497"
                          VPOS="3960"
                          HPOS="6281"
                          CONTENT="verfallene"/>
               </TextLine>
               <TextLine ID="tr_2_tl_32"
                         BASELINE="5288,4148 5362,4143 5436,4142 5511,4139 5585,4136 5659,4137 5734,4142 5808,4147 5882,4152 5957,4157 6031,4160 6105,4161 6180,4166 6254,4166 6328,4162 6403,4163 6477,4166 6551,4167 6626,4172 6700,4177 6775,4184"
                         HEIGHT="196"
                         WIDTH="1500"
                         VPOS="4044"
                         HPOS="5274">
                  <String HEIGHT="196"
                          WIDTH="308"
                          VPOS="4044"
                          HPOS="5236"
                          CONTENT="131."/>
                  <SP HEIGHT="196" WIDTH="38" VPOS="4044" HPOS="5543"/>
                  <String HEIGHT="196"
                          WIDTH="269"
                          VPOS="4044"
                          HPOS="5428"
                          CONTENT="fl."/>
                  <SP HEIGHT="196" WIDTH="38" VPOS="4044" HPOS="5697"/>
                  <String HEIGHT="196"
                          WIDTH="269"
                          VPOS="4044"
                          HPOS="5582"
                          CONTENT="19."/>
                  <SP HEIGHT="196" WIDTH="38" VPOS="4044" HPOS="5851"/>
                  <String HEIGHT="196"
                          WIDTH="231"
                          VPOS="4044"
                          HPOS="5736"
                          CONTENT="x."/>
                  <SP HEIGHT="196" WIDTH="38" VPOS="4044" HPOS="5966"/>
                  <String HEIGHT="196"
                          WIDTH="231"
                          VPOS="4044"
                          HPOS="5851"
                          CONTENT="in"/>
                  <SP HEIGHT="196" WIDTH="38" VPOS="4044" HPOS="6082"/>
                  <String HEIGHT="196"
                          WIDTH="423"
                          VPOS="4044"
                          HPOS="5966"
                          CONTENT="solutum"/>
                  <SP HEIGHT="196" WIDTH="38" VPOS="4044" HPOS="6389"/>
                  <String HEIGHT="196"
                          WIDTH="346"
                          VPOS="4044"
                          HPOS="6274"
                          CONTENT="nicht"/>
                  <SP HEIGHT="196" WIDTH="38" VPOS="4044" HPOS="6620"/>
                  <String HEIGHT="196"
                          WIDTH="308"
                          VPOS="4044"
                          HPOS="6466"
                          CONTENT="anneh"
                          SUBS_TYPE="HypPart1"
                          SUBS_CONTENT="annehmen"/>
                  <HYP CONTENT="¬"/>
               </TextLine>
               <TextLine ID="tr_2_tl_33"
                         BASELINE="5300,4232 5370,4237 5441,4241 5512,4246 5583,4250 5653,4250 5724,4254 5795,4256 5866,4258 5936,4262 6007,4262 6078,4266 6149,4268 6219,4268 6290,4268 6361,4263 6432,4262 6502,4265 6573,4268 6644,4268 6715,4268"
                         HEIGHT="165"
                         WIDTH="1424"
                         VPOS="4168"
                         HPOS="5287">
                  <String HEIGHT="165"
                          WIDTH="369"
                          VPOS="4168"
                          HPOS="5234"
                          CONTENT="men"
                          SUBS_TYPE="HypPart2"
                          SUBS_CONTENT="annehmen"/>
                  <SP HEIGHT="165" WIDTH="53" VPOS="4168" HPOS="5603"/>
                  <String HEIGHT="165"
                          WIDTH="527"
                          VPOS="4168"
                          HPOS="5445"
                          CONTENT="können"/>
                  <SP HEIGHT="165" WIDTH="53" VPOS="4168" HPOS="5973"/>
                  <String HEIGHT="165"
                          WIDTH="738"
                          VPOS="4168"
                          HPOS="5814"
                          CONTENT="declarirt,"/>
                  <SP HEIGHT="165" WIDTH="53" VPOS="4168" HPOS="6553"/>
                  <String HEIGHT="165"
                          WIDTH="369"
                          VPOS="4168"
                          HPOS="6342"
                          CONTENT="wurde"/>
               </TextLine>
               <TextLine ID="tr_2_tl_34"
                         BASELINE="5258,4357 5331,4352 5405,4351 5479,4351 5553,4353 5626,4358 5700,4363 5774,4368 5848,4365 5921,4365 5995,4370 6069,4375 6143,4375 6216,4375 6290,4375 6364,4375 6438,4375 6511,4375 6585,4380 6659,4381 6733,4381"
                         HEIGHT="189"
                         WIDTH="1480"
                         VPOS="4253"
                         HPOS="5247">
                  <String HEIGHT="189"
                          WIDTH="668"
                          VPOS="4253"
                          HPOS="5199"
                          CONTENT="Resolodet,"/>
                  <SP HEIGHT="189" WIDTH="48" VPOS="4253" HPOS="5868"/>
                  <String HEIGHT="189"
                          WIDTH="334"
                          VPOS="4253"
                          HPOS="5724"
                          CONTENT="die"/>
                  <SP HEIGHT="189" WIDTH="48" VPOS="4253" HPOS="6059"/>
                  <String HEIGHT="189"
                          WIDTH="477"
                          VPOS="4253"
                          HPOS="5915"
                          CONTENT="helfte"/>
                  <SP HEIGHT="189" WIDTH="48" VPOS="4253" HPOS="6393"/>
                  <String HEIGHT="189"
                          WIDTH="334"
                          VPOS="4253"
                          HPOS="6250"
                          CONTENT="des"/>
                  <SP HEIGHT="189" WIDTH="48" VPOS="4253" HPOS="6584"/>
                  <String HEIGHT="189"
                          WIDTH="334"
                          VPOS="4253"
                          HPOS="6393"
                          CONTENT="Rück"
                          SUBS_TYPE="HypPart1"
                          SUBS_CONTENT="Rückstands"/>
                  <HYP CONTENT="¬"/>
               </TextLine>
               <TextLine ID="tr_2_tl_35"
                         BASELINE="5282,4453 5355,4453 5428,4457 5502,4459 5575,4461 5649,4465 5722,4465 5796,4465 5869,4468 5943,4471 6016,4471 6089,4471 6163,4475 6236,4476 6310,4476 6383,4476 6457,4477 6530,4482 6604,4477 6677,4479 6751,4488"
                         HEIGHT="186"
                         WIDTH="1480"
                         VPOS="4370"
                         HPOS="5268">
                  <String HEIGHT="186"
                          WIDTH="493"
                          VPOS="4370"
                          HPOS="5219"
                          CONTENT="stands"
                          SUBS_TYPE="HypPart2"
                          SUBS_CONTENT="Rückstands"/>
                  <SP HEIGHT="186" WIDTH="49" VPOS="4370" HPOS="5712"/>
                  <String HEIGHT="186"
                          WIDTH="641"
                          VPOS="4370"
                          HPOS="5564"
                          CONTENT="innerhalb"/>
                  <SP HEIGHT="186" WIDTH="49" VPOS="4370" HPOS="6205"/>
                  <String HEIGHT="186"
                          WIDTH="691"
                          VPOS="4370"
                          HPOS="6057"
                          CONTENT="wenigtagen"/>
                  <SP HEIGHT="186" WIDTH="49" VPOS="4370" HPOS="6748"/>
                  <String HEIGHT="186"
                          WIDTH="197"
                          VPOS="4370"
                          HPOS="6551"
                          CONTENT="an"/>
               </TextLine>
               <TextLine ID="tr_2_tl_36"
                         BASELINE="5276,4554 5350,4554 5424,4558 5498,4563 5572,4566 5646,4566 5720,4566 5794,4566 5868,4566 5942,4569 6016,4574 6090,4578 6164,4578 6238,4582 6312,4581 6386,4580 6460,4584 6534,4584 6608,4584 6682,4584 6757,4590"
                         HEIGHT="156"
                         WIDTH="1492"
                         VPOS="4476"
                         HPOS="5261">
                  <String HEIGHT="156"
                          WIDTH="384"
                          VPOS="4476"
                          HPOS="5218"
                          CONTENT="seine"/>
                  <SP HEIGHT="156" WIDTH="43" VPOS="4476" HPOS="5602"/>
                  <String HEIGHT="156"
                          WIDTH="469"
                          VPOS="4476"
                          HPOS="5474"
                          CONTENT="Behörde"/>
                  <SP HEIGHT="156" WIDTH="43" VPOS="4476" HPOS="5943"/>
                  <String HEIGHT="156"
                          WIDTH="767"
                          VPOS="4476"
                          HPOS="5815"
                          CONTENT="zuüberschicken"/>
                  <SP HEIGHT="156" WIDTH="43" VPOS="4476" HPOS="6582"/>
                  <String HEIGHT="156"
                          WIDTH="341"
                          VPOS="4476"
                          HPOS="6412"
                          CONTENT="weilen"/>
               </TextLine>
               <TextLine ID="tr_2_tl_37"
                         BASELINE="5253,4638 5327,4648 5401,4658 5475,4665 5550,4668 5624,4667 5698,4662 5773,4667 5847,4671 5921,4673 5996,4673 6070,4673 6144,4673 6218,4673 6293,4673 6367,4673 6441,4673 6516,4673 6590,4673 6664,4678 6739,4679"
                         HEIGHT="198"
                         WIDTH="1492"
                         VPOS="4560"
                         HPOS="5242">
                  <String HEIGHT="198"
                          WIDTH="280"
                          VPOS="4560"
                          HPOS="5195"
                          CONTENT="Hr"
                          TAGREFS="Tag_tr_2_tl_37_0_18_per"/>
                  <SP HEIGHT="198" WIDTH="47" VPOS="4560" HPOS="5475"/>
                  <String HEIGHT="198"
                          WIDTH="513"
                          VPOS="4560"
                          HPOS="5335"
                          CONTENT="Amtspf."
                          TAGREFS="Tag_tr_2_tl_37_0_18_per"/>
                  <SP HEIGHT="198" WIDTH="47" VPOS="4560" HPOS="5848"/>
                  <String HEIGHT="198"
                          WIDTH="513"
                          VPOS="4560"
                          HPOS="5708"
                          CONTENT="Seybold"
                          TAGREFS="Tag_tr_2_tl_37_0_18_per"/>
                  <SP HEIGHT="198" WIDTH="47" VPOS="4560" HPOS="6221"/>
                  <String HEIGHT="198"
                          WIDTH="326"
                          VPOS="4560"
                          HPOS="6081"
                          CONTENT="Die"/>
                  <SP HEIGHT="198" WIDTH="47" VPOS="4560" HPOS="6408"/>
                  <String HEIGHT="198"
                          WIDTH="513"
                          VPOS="4560"
                          HPOS="6221"
                          CONTENT="Nachricht"/>
               </TextLine>
               <TextLine ID="tr_2_tl_38"
                         BASELINE="5282,4769 5358,4774 5434,4779 5510,4781 5586,4781 5662,4781 5738,4781 5815,4781 5891,4776 5967,4779 6043,4781 6119,4783 6195,4787 6271,4787 6348,4787 6424,4787 6500,4787 6576,4790 6652,4793 6728,4793 6805,4793"
                         HEIGHT="183"
                         WIDTH="1529"
                         VPOS="4689"
                         HPOS="5270">
                  <String HEIGHT="183"
                          WIDTH="510"
                          VPOS="4689"
                          HPOS="5228"
                          CONTENT="gegeben,"/>
                  <SP HEIGHT="183" WIDTH="42" VPOS="4689" HPOS="5737"/>
                  <String HEIGHT="183"
                          WIDTH="297"
                          VPOS="4689"
                          HPOS="5610"
                          CONTENT="daß"/>
                  <SP HEIGHT="183" WIDTH="42" VPOS="4689" HPOS="5907"/>
                  <String HEIGHT="183"
                          WIDTH="382"
                          VPOS="4689"
                          HPOS="5780"
                          CONTENT="löbl."/>
                  <SP HEIGHT="183" WIDTH="42" VPOS="4689" HPOS="6162"/>
                  <String HEIGHT="183"
                          WIDTH="552"
                          VPOS="4689"
                          HPOS="6035"
                          CONTENT="Landschl."/>
                  <SP HEIGHT="183" WIDTH="42" VPOS="4689" HPOS="6587"/>
                  <String HEIGHT="183"
                          WIDTH="340"
                          VPOS="4689"
                          HPOS="6459"
                          CONTENT="das:"/>
                  <SP HEIGHT="183" WIDTH="42" VPOS="4689" HPOS="6799"/>
                  <String HEIGHT="183"
                          WIDTH="170"
                          VPOS="4689"
                          HPOS="6629"
                          CONTENT="an"/>
               </TextLine>
               <TextLine ID="tr_2_tl_39"
                         BASELINE="5276,4888 5350,4888 5424,4888 5499,4888 5573,4888 5647,4889 5722,4894 5796,4889 5870,4892 5945,4894 6019,4894 6093,4895 6168,4900 6242,4900 6316,4900 6391,4900 6465,4902 6539,4906 6614,4906 6688,4911 6763,4924"
                         HEIGHT="153"
                         WIDTH="1496"
                         VPOS="4809"
                         HPOS="5261">
                  <String HEIGHT="153"
                          WIDTH="608"
                          VPOS="4809"
                          HPOS="5214"
                          CONTENT="obonific:"/>
                  <SP HEIGHT="153" WIDTH="47" VPOS="4809" HPOS="5822"/>
                  <String HEIGHT="153"
                          WIDTH="655"
                          VPOS="4809"
                          HPOS="5682"
                          CONTENT="verhallene"/>
                  <SP HEIGHT="153" WIDTH="47" VPOS="4809" HPOS="6336"/>
                  <String HEIGHT="153"
                          WIDTH="514"
                          VPOS="4809"
                          HPOS="6196"
                          CONTENT="bereits"/>
                  <SP HEIGHT="153" WIDTH="47" VPOS="4809" HPOS="6710"/>
                  <String HEIGHT="153"
                          WIDTH="234"
                          VPOS="4809"
                          HPOS="6523"
                          CONTENT="ab"
                          SUBS_TYPE="HypPart1"
                          SUBS_CONTENT="abgeschrieben"/>
                  <HYP CONTENT="¬"/>
               </TextLine>
               <TextLine ID="tr_2_tl_40"
                         BASELINE="5264,4990 5341,4995 5418,5000 5496,5006 5573,5008 5650,5010 5728,5015 5805,5020 5882,5020 5960,5020 6037,5012 6114,5011 6192,5016 6269,5020 6346,5020 6424,5026 6501,5021 6578,5024 6656,5026 6733,5028 6811,5032"
                         HEIGHT="173"
                         WIDTH="1552"
                         VPOS="4916"
                         HPOS="5253">
                  <String HEIGHT="173"
                          WIDTH="629"
                          VPOS="4916"
                          HPOS="5211"
                          CONTENT="geschrieben"
                          SUBS_TYPE="HypPart2"
                          SUBS_CONTENT="abgeschrieben"/>
                  <SP HEIGHT="173" WIDTH="42" VPOS="4916" HPOS="5840"/>
                  <String HEIGHT="173"
                          WIDTH="378"
                          VPOS="4916"
                          HPOS="5714"
                          CONTENT="habe,"/>
                  <SP HEIGHT="173" WIDTH="42" VPOS="4916" HPOS="6092"/>
                  <String HEIGHT="173"
                          WIDTH="419"
                          VPOS="4916"
                          HPOS="5966"
                          CONTENT="folgl."/>
                  <SP HEIGHT="173" WIDTH="42" VPOS="4916" HPOS="6386"/>
                  <String HEIGHT="173"
                          WIDTH="378"
                          VPOS="4916"
                          HPOS="6260"
                          CONTENT="damit"/>
                  <SP HEIGHT="173" WIDTH="42" VPOS="4916" HPOS="6637"/>
                  <String HEIGHT="173"
                          WIDTH="336"
                          VPOS="4916"
                          HPOS="6469"
                          CONTENT="nichts"/>
               </TextLine>
               <TextLine ID="tr_2_tl_41"
                         BASELINE="5276,5091 5351,5096 5427,5105 5502,5109 5578,5111 5653,5116 5729,5121 5804,5121 5880,5117 5955,5118 6031,5121 6107,5121 6182,5122 6258,5127 6333,5127 6409,5127 6484,5127 6560,5125 6635,5123 6711,5133 6787,5139"
                         HEIGHT="183"
                         WIDTH="1518"
                         VPOS="5017"
                         HPOS="5264">
                  <String HEIGHT="183"
                          WIDTH="419"
                          VPOS="5017"
                          HPOS="5212"
                          CONTENT="mehr"/>
                  <SP HEIGHT="183" WIDTH="52" VPOS="5017" HPOS="5630"/>
                  <String HEIGHT="183"
                          WIDTH="523"
                          VPOS="5017"
                          HPOS="5473"
                          CONTENT="zuthun"/>
                  <SP HEIGHT="183" WIDTH="52" VPOS="5017" HPOS="5997"/>
                  <String HEIGHT="183"
                          WIDTH="471"
                          VPOS="5017"
                          HPOS="5840"
                          CONTENT="seyn,"/>
                  <SP HEIGHT="183" WIDTH="52" VPOS="5017" HPOS="6311"/>
                  <String HEIGHT="183"
                          WIDTH="523"
                          VPOS="5017"
                          HPOS="6154"
                          CONTENT="anbesy"/>
                  <SP HEIGHT="183" WIDTH="52" VPOS="5017" HPOS="6677"/>
                  <String HEIGHT="183"
                          WIDTH="314"
                          VPOS="5017"
                          HPOS="6468"
                          CONTENT="lebl"/>
               </TextLine>
               <TextLine ID="tr_2_tl_42"
                         BASELINE="5241,5223 5318,5218 5396,5213 5474,5215 5552,5217 5630,5217 5708,5218 5786,5223 5864,5223 5942,5223 6020,5223 6097,5226 6175,5229 6253,5231 6331,5236 6409,5241 6487,5241 6565,5246 6643,5247 6721,5250 6799,5258"
                         HEIGHT="227"
                         WIDTH="1571"
                         VPOS="5114"
                         HPOS="5228">
                  <String HEIGHT="227"
                          WIDTH="505"
                          VPOS="5114"
                          HPOS="5172"
                          CONTENT="Stadt"/>
                  <SP HEIGHT="227" WIDTH="56" VPOS="5114" HPOS="5677"/>
                  <String HEIGHT="227"
                          WIDTH="393"
                          VPOS="5114"
                          HPOS="5509"
                          CONTENT="und"/>
                  <SP HEIGHT="227" WIDTH="56" VPOS="5114" HPOS="5901"/>
                  <String HEIGHT="227"
                          WIDTH="393"
                          VPOS="5114"
                          HPOS="5733"
                          CONTENT="amt"/>
                  <SP HEIGHT="227" WIDTH="56" VPOS="5114" HPOS="6126"/>
                  <String HEIGHT="227"
                          WIDTH="786"
                          VPOS="5114"
                          HPOS="5957"
                          CONTENT="Herrenberg"/>
                  <SP HEIGHT="227" WIDTH="56" VPOS="5114" HPOS="6743"/>
                  <String HEIGHT="227"
                          WIDTH="281"
                          VPOS="5114"
                          HPOS="6518"
                          CONTENT="zu¬"/>
               </TextLine>
            </TextBlock>
         </PrintSpace>
      </Page>
   </Layout>
</alto>
