7319 5839
2316 532 897 188 Pulferverwaltung,
3085 532 299 188 ein
3256 532 299 188 pro
3384 532 342 188 porti¬

2292 631 537 198 onirtes
2683 631 537 198 quantum
3073 631 439 198 gegen
3317 631 391 198 parer.

2310 754 638 180 bezahlung
2801 754 344 180 und
2997 754 393 180 zwor
3243 754 393 180 fine
3439 754 295 180 sub.

2296 865 637 206 sequentia
2786 865 343 206 auf
2982 865 490 206 andere
3275 865 441 206 Zeithen

2307 997 622 200 fasywillig
2795 997 666 200 übernehmen.
3328 997 266 200 e.
3417 997 222 200 ec.

2308 1154 506 182 Worauf
2662 1154 354 182 man
2865 1154 354 182 von
3067 1154 506 182 seiten
3370 1154 354 182 Statt

2296 1264 317 186 und
2477 1264 362 186 Amts
2703 1264 362 186 sich
2930 1264 634 186 resolvirt,
3383 1264 226 186 von

2265 1371 362 198 der
2472 1371 517 198 Pulfer
2834 1371 724 198 Verwaltung
3351 1371 310 198 noch

2278 1494 409 192 weil
2533 1494 306 192 in
2687 1494 613 192 hiesigem
3146 1494 460 192 Statt
3402 1494 255 192 und

2282 1630 312 212 amt
2461 1630 312 212 die
2639 1630 757 212 Handelschafft
3262 1630 356 212 sehr
3440 1630 223 212 ge¬

2234 1777 499 200 eing,
2566 1777 332 200 an
2677 1777 443 200 Pulfer

2195 1862 402 222 B.
2396 1862 536 222 Vier
2664 1862 670 222 Centuro.

2249 2001 298 197 dem
2419 2001 468 197 Canturo
2759 2001 340 197 nach
2971 2001 298 197 zu.
3141 2001 298 197 20.
3311 2001 298 197 fl.
3439 2001 213 197 ab¬

2250 2123 600 174 zuholen
2687 2123 382 174 und
2905 2123 382 174 das
3124 2123 437 174 geld
3342 2123 273 174 mit

2230 2236 298 200 0.
2379 2236 347 200 fl.
2578 2236 347 200 auß
2776 2236 347 200 der
2975 2236 645 200 antsCasse
3421 2236 248 200 be¬

2234 2363 513 196 Zahlen
2593 2363 565 196 Hernach
3004 2363 411 196 aber
3209 2363 462 196 widerum

2225 2477 296 200 in
2373 2477 443 200 Statt
2668 2477 345 200 und
2865 2477 345 200 amt
3062 2477 542 200 umlegen
3407 2477 246 200 und

2229 2606 691 222 repartiren
2772 2606 296 222 zu
2870 2606 395 222 laßen.

2191 2843 360 266 Herr
2416 2843 495 266 Kriegs-
2776 2843 315 266 und
2956 2843 630 266 executions
3405 2843 270 266 com¬

2196 2988 699 227 visiarius
2734 2988 537 227 beiger
3110 2988 537 227 meldet
3432 2988 215 227 in

2220 3113 431 201 ecken
2508 3113 479 201 unterm
2843 3113 431 201 19ten
3131 3113 431 201 Jany.
3370 3113 192 201 an

2212 3247 577 212 hiesiges
2645 3247 433 212 vogst
2933 3247 337 212 amt
3078 3247 577 212 erlaßenen.

2224 3332 666 234 schreiben,
2748 3332 333 234 daß
2938 3332 285 234 Er
3080 3332 333 234 auh
3271 3332 333 234 das
3413 3332 238 234 vo¬

2233 3455 424 176 Seltt
2515 3455 329 176 und
2704 3455 329 176 amt
2892 3455 282 176 u.
2986 3455 706 176 eingeshickhte

2222 3591 673 186 exhibitum
2740 3591 466 186 nicht
2998 3591 673 186 unverhalten

2206 3714 519 152 laßen
2552 3714 577 152 könne,
2956 3714 462 152 daß,
3187 3714 404 152 wegen

2182 3811 394 194 deß
2407 3811 338 194 zu
2576 3811 675 194 bezahlen
3082 3811 507 194 haben
3364 3811 281 194 den

2179 3906 717 239 pressanten
2742 3906 615 239 wehsels,
3203 3906 359 239 die
3357 3906 256 239 zud

2192 4047 545 209 frostl.
2589 4047 942 209 Landschreibersg
3332 4047 248 209 von

2195 4155 439 212 Statt
2488 4155 342 212 und
2683 4155 342 212 amt
2878 4155 390 212 noch
3073 4155 586 212 restirende

2201 4282 340 180 600
2396 4282 292 180 fl
2542 4282 389 180 ohne
2784 4282 534 180 anstand
3125 4282 534 180 eingefri¬

2185 4403 342 223 ben
2381 4403 342 223 und
2576 4403 586 223 gelifert
3016 4403 489 223 werden
3309 4403 391 223 müßen;

2153 4510 586 227 Hierauf
2579 4510 373 227 nun
2792 4510 480 227 seynd
3112 4510 373 227 die
3272 4510 426 227 Hherrn

2173 4632 772 196 vorstchere
2780 4632 496 196 Statt
3111 4632 386 196 und
3276 4632 331 196 Arts

2196 4761 573 192 schlüßig
2626 4761 525 192 worden,
3007 4761 477 192 gleich
3294 4761 286 192 nach

2165 4862 329 225 dem
2353 4862 329 225 vor
2541 4862 329 225 der
2729 4862 376 225 Thir
2964 4862 564 225 seyenden
3340 4862 329 225 Heuet

2154 4982 417 196 wann
2414 4982 312 196 in
2570 4982 573 196 Zwishen
2987 4982 364 196 das
3143 4982 573 196 Geldnicht

2154 5113 286 184 in
2297 5113 334 184 der
2488 5113 382 184 gute
2727 5113 668 184 eingezogen
3204 5113 429 184 werden.

6544 425 237 99 HII.

5198 487 543 204 könte,
5578 487 380 204 die
5795 487 706 204 execution
6284 487 434 204 vorzu¬

5169 607 552 185 nehmen
5555 607 386 185 und
5776 607 497 185 damit
6107 607 331 185 so
6273 607 441 185 lang
6493 607 221 185 zu

5191 702 783 202 continuiren,
5827 702 343 202 biß
6023 702 538 202 ernelte
6414 702 343 202 600
6561 702 196 202 fl

5183 823 852 259 eingetriben
5865 823 398 259 und
6035 823 625 259 behöriger

5192 974 539 207 orthen
5569 974 485 207 weden
5893 974 647 207 gelifert
6324 974 431 207 worden

5159 1088 572 232 seyen.
5559 1088 343 232 Da
5730 1088 343 232 im
5902 1088 629 232 übrigen
6302 1088 400 232 wegen

5192 1187 395 254 deß
5417 1187 338 254 H.
5586 1187 789 254 Com̅issari
6150 1187 507 254 Beiges,

5188 1324 419 204 der
5428 1324 419 204 dem
5667 1324 599 204 fechen
6027 1324 719 204 Grafenberg

5152 1444 309 246 so
5307 1444 412 246 wohl
5565 1444 361 246 als
5771 1444 361 246 der
5977 1444 721 246 amtspflerg
6492 1444 309 246 noch

5141 1575 768 245 restirender
5755 1575 563 245 gelder,
6165 1575 358 245 die
6318 1575 410 245 veran¬

5165 1658 642 265 staltung
5646 1658 696 265 unrrhalb.
6181 1658 375 265 14.
6342 1658 375 265 Tager

5197 1779 622 255 gemacht
5650 1779 566 255 werden
6046 1779 566 255 solle,
6385 1779 283 255 daß

5199 1892 462 239 diser
5507 1892 360 239 son
5712 1892 308 239 so
5866 1892 411 239 lany
6072 1892 616 239 anhaltende

5192 1965 516 315 handel
5553 1965 567 315 entlich
5966 1965 309 315 zu
6121 1965 361 315 End
6275 1965 516 315 gebracht

5203 2117 371 275 und
5415 2117 743 275 außgemacht
5999 2117 531 275 werden
6317 2117 478 275 möchte.

5248 2414 328 206 Ein
5436 2414 281 206 d.
5576 2414 422 206 19ten
5857 2414 375 206 Maji
6092 2414 281 206 A.
6232 2414 281 206 c.
6326 2414 281 206 auff

5239 2509 672 214 Nürttinger
5767 2509 336 214 und
5959 2509 480 214 Neufen
6247 2509 528 214 erlaßenen

5255 2602 482 238 Helrsl:
5606 2602 482 238 Special
5956 2602 482 238 Befehl,
6307 2602 307 238 das
6438 2602 351 238 Deihte

5227 2685 704 238 fuhrwesen
5768 2685 758 238 betrefend,
6309 2685 379 238 wurde

5224 2790 537 239 pablicit
5627 2790 313 239 und
5806 2790 313 239 wie
5985 2790 269 239 es
6120 2790 403 239 damit
6343 2790 448 239 gehalten

5231 2895 496 224 werden
5579 2895 496 224 solle,
5926 2895 298 224 in
6075 2895 347 224 das
6273 2895 347 224 omt
6422 2895 298 224 auß¬

5224 3057 728 238 zuschreiben
5758 3057 534 238 befohlen.

5200 3239 254 271 be
5327 3239 507 271 heutiger
5707 3239 887 271 AmbtsVerstimmlung
6425 3239 338 271 wurden

5217 3394 285 174 die
5380 3394 367 174 Beede
5625 3394 611 174 Hochfurstl.
6113 3394 448 174 befohle
6439 3394 244 174 A.
6520 3394 204 174 4..

5222 3494 327 212 Nob.
5426 3494 204 212 &
5508 3494 286 212 11.
5672 3494 409 212 Febris
5958 3494 204 212 d
6039 3494 409 212 17301.
6285 3494 449 212 publicirt

5229 3593 404 238 Vermög
5512 3593 364 238 deren
5754 3593 283 238 der
5916 3593 283 238 Nuu
6078 3593 526 238 nominirte
6442 3593 323 238 Stadt¬

5237 3734 307 216 und
5413 3734 702 216 Ambtshreiber
5983 3734 395 216 Georg
6202 3734 482 216 Christoph

5176 3888 554 206 Seyboldt
5591 3888 415 206 gost.
5868 3888 646 206 confirmirt
6329 3888 369 206 worden

5218 3999 543 202 jedochdt
5625 3999 362 202 auch
5851 3999 316 202 die
6032 3999 588 202 getrobene
6439 3999 316 202 Expi¬

5238 4142 514 176 tulation
5624 4142 429 176 sowohl
5924 4142 300 176 auf
6095 4142 300 176 den
6267 4142 386 176 ggst.
6481 4142 257 176 con¬

5208 4248 500 238 firmoiten
5592 4248 539 238 Stadtschl.
6015 4248 462 238 Seybold,
6362 4248 269 238 als
6477 4248 231 238 auch

5169 4385 315 212 auf
5349 4385 540 212 künftige
5754 4385 405 212 deren
6023 4385 675 212 Leccessores
6518 4385 180 212 zu

5230 4516 492 186 obsewrr-
5599 4516 287 186 und
5763 4516 451 186 haltung
6090 4516 492 186 sothauer
6418 4516 328 186 Caepi¬

5216 4630 562 204 tulation
5637 4630 328 204 ge.
5825 4630 655 204 letificirt
6293 4630 421 204 worden,

5226 4729 298 210 mit
5397 4729 298 210 dem
5567 4729 511 210 weiteren
5950 4729 468 210 Anfang,
6290 4729 298 210 dem
6418 4729 298 210 Stadt

5230 4860 454 202 schreiber
5580 4860 245 202 ein
5719 4860 419 202 Exemplea
6034 4860 245 202 von
6174 4860 245 202 der
6279 4860 524 202 Cxepitulation

5230 5018 656 178 nterbeziehung
5771 5018 270 178 der
5925 5018 425 178 Fürstl.
6196 5018 540 178 rutification

5232 5117 582 239 corroborirt
5698 5117 621 239 zuzustelten,
6203 5117 272 239 von
6358 5117 272 239 dem
6474 5117 311 239 sellen

5211 5248 369 217 Gegen
5457 5248 409 217 teoers
5743 5248 246 217 zu
5866 5248 450 217 Nehmen,
6194 5248 287 217 und
6358 5248 287 217 der
6480 5248 287 217 Stadt

5256 5372 272 208 und
5412 5372 350 208 Ambts
5645 5372 388 208 legirt
5916 5372 388 208 ractur
6188 5372 427 208 behörig
6460 5372 311 208 einzu¬
