7161 5839
2340 456 3732 677 wesen, und Er dahero alles am
2359 613 3756 763 10t und 11t vom Statt, und amts
2352 713 3769 874 orthen eingenommene auch in Cassa
2352 803 3722 956 Befindl. geld von Bischer cour¬
2346 908 3715 1086 hirten Caroliney und habe gelden
2333 1007 3719 1131 Sec, den 11te und 125 bey dem
2340 1110 3689 1273 ord: botten und einem Expresse
2350 1211 3713 1371 an ihre Behörte einschicken wollen
2333 1303 3713 1463 So habe mann zwar bey Hochlöb
2316 1401 3689 1555 Landschafft etwas bey dem Löbl.
2329 1495 3762 1680 Löchischen ober-Krirgs-Commissario
2359 1594 3728 1776 aber gar nichts davon angenom¬
2316 1701 3674 1860 men, wie dann bey einem
2290 1808 3709 1980 sub hodierno in bey seyn H Chri¬
2314 1907 3679 2085 stoph Hosen Bürgl. dahder vorge¬
2322 2010 3711 2190 nomenen Sturz der Amtspfleig Cassa
2322 2128 3681 2303 annoch zugegen erfunden worden
2715 2265 3169 2442 Münz:
2170 2378 3482 2565 10. Mag. Halbe gulden a 10 thlr
3119 2483 3595 2629 006 Mt. 2.
2209 2543 3029 2742 1. Rag: dito. a.
3141 2567 3548 2745 35 fl
2785 2678 3098 2835 gold:
2198 2807 3632 3004 1. Rag. ganzi und halbe Caroliner
2310 2959 2509 3053 a O
3079 2944 3653 3115 522fl 30 x
2271 3070 3160 3220 Und in Summa.
2586 3199 3456 3392 1357 fl 30
2256 3415 3672 3582 Welches geld nach der geschehenen
2286 3512 3752 3670 devalvation einen abgang verur¬
2280 3610 3392 3754 sachet, und zwar Bey¬
2209 3707 3685 3880 denen AlberSorten a 10. pro Cento
2284 3818 2595 3959 As.
2828 3831 3561 3989 13 fl 30 x
2286 3921 3122 4073 Und andem golda 5.
2280 4011 3694 4180 procento L. . 26 fl. 7.x. 3.
3473 4105 3683 4221 68
2247 4161 3666 4321 zusamen aber eine Sam von
2310 4253 3713 4420 D. finsundert neun gulden
3068 4364 3672 4521 37 x 3Hl
2192 4506 3659 4675 Da mann nun vor allerdings
2256 4615 3713 4769 ohnmöglich erachtet auff den Grund¬
2232 4720 3655 4874 zukommen, von welchen Orthen
2256 4812 3711 4975 das besondere disegelder Serivi¬
2262 4915 3666 5078 ren möchten, da zumahlen über
2262 5013 3696 5174 1100 fl. bey Hfrstl. Landschreuberey
2243 5110 3649 5271 undhlöbl. Landschl. anderley
6500 381 6702 546 61
5200 516 6747 713 Sorten annoch angenommen worden;
5219 658 6700 821 So ist mann schlüßig worden, disen
5253 754 6710 913 Verlust gemeinsam zuübernehmen
5236 857 6734 1007 und hat verordnet, daß derselbe,
5223 953 6770 1086 weil das geld anverwirts anderst nicht
5223 1031 6777 1221 unterzubring mitidem. 109 fl 37 x3
5223 1114 6768 1315 in der amtspfleeg Rechl. abgangs ver
5234 1213 6275 1393 rechnet werden dörfe.
4994 1504 6719 1703 Wegen Aegulirung dergedgst anbe¬
5213 1641 6760 1793 fohlenen Rhuzetamillen und vermö¬
5217 1729 6740 1877 gens Steur werde dato deliberiret
5236 1815 6710 1999 ob und wie mann damit fürgehen
5221 1905 6723 2065 solle? so fort daraufhin gemein¬
5236 2016 6723 2175 schafftl. abgeschloßen, daß um vieler
5223 2115 6742 2271 besonderer vorwaltender Umstände
5236 2217 6760 2357 willen, und weilen zumahlen theils
5200 2318 6740 2483 Stätt und ämter in der Nachbarschafft
5213 2432 6745 2584 welche schon zum weeck geschritten,
5189 2505 6740 2708 damit innhalten, theils aber auch noch
5191 2644 6766 2822 gar nicht damit angefang haben, selbi¬
5221 2753 6764 2937 ges diß orts ebenmäßig so lang Aiti¬
5221 2854 6710 3042 ren wolle, biß entweder güdgstes
5193 2961 6760 3113 Monitorium einlauffen, oder mann
5213 3049 6747 3216 aber in Erfahrung bringen werde,
5183 3141 6755 3297 daß auch andere Stätt und uuter
5163 3237 6207 3407 damit continuiren.
5069 3561 6770 3756 Demnach Ihro Gnaten der Herr Länder-
5200 3681 6740 3829 Herr und Forstmeister zu Urach ein
5189 3767 6665 3921 Schreiben an hiesig löbl. vogtamt
5223 3848 6777 4028 ergehen lasen, was gestalten die Beuer¬
5200 3957 6670 4101 ner Staig weyler zu so sehr übel
5206 4056 6736 4199 un ihr euge willen zu fassiren seye,
5200 4141 6740 4306 dahero nöthig seyn dorffte, daß solche
5206 4238 6747 4401 und 2. bist 2. schue erweitert werde
5189 4336 6730 4506 damit, wann Brenissimu von der
5206 4441 6702 4604 Stad Urach zu sich verfug, selbige
5191 4531 6702 4699 behörig gebraucht werden könne,
5191 4617 6747 4786 wie dann gedl. Herrn Forstmeisters
5189 4724 6772 4889 Gnade nicht nur allein die Bestellung
5200 4812 6794 4975 der Sache, sondern auch im Unterblei¬
5183 4915 6760 5078 bungs die Verantworttung lobl. vogt¬
5183 5020 6622 5178 amt überlasen haben wollen
