7318 5838
2273 476 3680 695 so fort dieselbe unter genug¬
2262 623 3665 807 sainen Obleuthen und gebencer
2273 735 3633 929 anweisung ausrucden zulaßen.
2039 845 3589 1057 2. Solle so wohl denen Obleuthe
2298 990 3715 1171 als der Mannschafft auff das schörffen
2298 1093 3644 1270 ste und besy zubefahren habender
2287 1184 3623 1365 empfindler Bestraffung injungirt
2292 1293 3623 1453 werden, daß siein diser anbe¬
2281 1386 3623 1567 fohlenen Verrichtung porgfaltig
2268 1491 3621 1687 Streu und fleißig sich bezeugen,
2281 1609 3583 1744 alle Ihnen vorkommende Ver¬
2285 1712 3629 1883 dächtige Persohnen so gleich hand¬
2298 1805 3642 1990 vest machen und sie zum vogt
2287 1910 3456 2077 amt einzulüffern sollen.
2035 2022 3625 2292 3. Ist die ordre nachdeuckhl. zu stellen
2268 2205 3579 2376 daß wehrenden Streiffs sich Nie¬
2287 2313 3595 2479 mand gelusten laßen solle, zu¬
2279 2399 3606 2582 schießen, zuschreyen, zu absentiren
2275 2506 3644 2654 oder vollzutrinken, nach vielwein
2266 2608 3629 2778 gey sich denen commanderten Obleuthen
2245 2713 2896 2898 zuwidersezen.
2127 2875 3656 3098 4. Nebst der ausschickenden Mannschafft
2268 3029 3648 3193 solle jeder Ort noch über das die
2077 3092 3665 3292 haubt Strafen und Brucken besetzen, auf
2256 3229 3606 3368 im Ort selbsten die Wirts- und
2262 3324 3608 3492 Armenhäuser visitiren und
2260 3427 3654 3608 im ort noch patroulliren laßen.
1990 3553 3656 3812 5. das patralliren umfleden solle.
2275 3739 3583 3909 man 3. bis 4 tag und zwar so
2256 3812 3530 4019 Tags als Nachtscontinuiren
2134 3996 3644 4223 b. Jeder Vorsteher einer Commun
2226 4151 3593 4326 und insbesondere dann die
2268 4257 3629 4419 hier versamlete Deputirte
2262 4362 3642 4550 sollen bey ihren auffhabenden
2249 4469 3637 4646 Amts-Pflichten Sorge tragen
2256 4571 3612 4741 daß diser vorhabende Rteecht
2256 4672 3619 4844 nicht eher als bes die Mannschafft
2256 4777 3625 4960 würckhlich ausrücet, bekandt
2275 4876 2620 5030 wird.
2138 4977 3661 5207 7. Jeder Schulth. und vorsteher
2218 5120 3705 5312 in desen ort ein foestlecht woh¬
6620 428 6818 562 702
5312 520 6812 712 net, solle mit demselben gemei¬
5337 653 6740 796 ciren, damit Er den Sreiff
5331 762 6759 933 HErstl. Intention gemäs beywohnen
5316 880 5683 1028 möge.
5131 967 6734 1180 S. wann der Streiff vorbey, solle
5325 1114 6757 1293 jeder Schulth. seinen Bericht zum
5322 1211 6711 1401 Vortamt einschicken, ob und was
5316 1321 6704 1514 seine ausgeschickte Mannschafft
5325 1422 6738 1603 allenfalls angetroffen, und sich
5329 1531 6727 1733 sonsten ereignet haben möchte.
5261 1687 6759 1889 Übrigens wurde beliebt, denen
5280 1809 6778 2014 dißfalls bemuhten ex Cassa nichts
5293 1904 6759 2077 zahlen zulaßen, solte aber, weilen
5318 2007 6797 2193 es eine allgemeine Kreyß Sache ist,
5310 2108 6748 2302 mit der Zeit einige borifiaaor
5308 2218 6763 2407 geschehen, solle es denen bemühten
5310 2321 6763 2502 noch zu gutem kommen, zu dem
5280 2437 6763 2637 Ende solle jeder Khulthl. über die
5293 2559 6704 2766 Mannschafft eine Consigl. begrecfen
5278 2641 6791 2900 und solche wohlverwohlig aufbehalten
5084 2951 6782 3227 Auff das: von dem Magl. zu Herren¬
5289 3105 6763 3334 Berg unterm 7ten Aupsi erlasene
5293 3191 6761 3440 Schreiben, vermög desen derselbe
5285 3307 6704 3539 die Abführung des Rückstands
5301 3423 6748 3646 an denen Vertwarmaglischen
5301 3517 6647 3736 zusaren Concurvenz geldern
5276 3633 6799 3829 zubezahlen uegiren, auch daß sie Er
5289 3749 6765 3930 die dißfalls zu gandiren habende
5272 3840 6748 4046 Landschafftl bonificat: gelder auser
5287 3960 6778 4107 denen auff Martins K. ar. verfallene
5274 4044 6774 4240 131. fl. 19. x. in solutum nicht anneh¬
5287 4168 6711 4333 men können declarirt, wurde
5247 4253 6727 4442 Resolodet, die helfte des Rück¬
5268 4370 6748 4556 stands innerhalb wenigtagen an
5261 4476 6753 4632 seine Behörde zuüberschicken weilen
5242 4560 6734 4758 Hr Amtspf. Seybold Die Nachricht
5270 4689 6799 4872 gegeben, daß löbl. Landschl. das: an
5261 4809 6757 4962 obonific: verhallene bereits ab¬
5253 4916 6805 5089 geschrieben habe, folgl. damit nichts
5264 5017 6782 5200 mehr zuthun seyn, anbesy lebl
5228 5114 6799 5341 Stadt und amt Herrenberg zu¬
