7319 5839
2359 532 3726 720 Pulferverwaltung, ein pro porti¬
2341 631 3708 829 onirtes quantum gegen parer.
2359 754 3734 934 bezahlung und zwor fine sub.
2345 865 3716 1071 sequentia auf andere Zeithen
2351 997 3639 1197 fasywillig übernehmen. e. ec.
2359 1154 3724 1336 Worauf man von seiten Statt
2341 1264 3609 1450 und Amts sich resolvirt, von
2317 1371 3661 1569 der Pulfer Verwaltung noch
2329 1494 3657 1686 weil in hiesigem Statt und
2327 1630 3663 1842 amt die Handelschafft sehr ge¬
2289 1777 3120 1977 eing, an Pulfer
2262 1862 3334 2084 B. Vier Centuro.
2291 2001 3651 2198 dem Canturo nach zu. 20. fl. ab¬
2305 2123 3615 2297 zuholen und das geld mit
2280 2236 3669 2436 0. fl. auß der antsCasse be¬
2285 2363 3671 2559 Zahlen Hernach aber widerum
2274 2477 3653 2677 in Statt und amt umlegen und
2278 2606 3265 2828 repartiren zu laßen.
2236 2843 3675 3109 Herr Kriegs- und executions com¬
2250 2988 3647 3215 visiarius beiger meldet in
2268 3113 3562 3314 ecken unterm 19ten Jany. an
2260 3247 3655 3459 hiesiges vogst amt erlaßenen.
2272 3332 3651 3566 schreiben, daß Er auh das vo¬
2280 3455 3692 3631 Seltt und amt u. eingeshickhte
2274 3591 3671 3777 exhibitum nicht unverhalten
2264 3714 3591 3866 laßen könne, daß, wegen
2238 3811 3645 4005 deß zu bezahlen haben den
2230 3906 3613 4145 pressanten wehsels, die zud
2242 4047 3580 4256 frostl. Landschreibersg von
2244 4155 3659 4367 Statt und amt noch restirende
2250 4282 3659 4462 600 fl ohne anstand eingefri¬
2234 4403 3700 4626 ben und gelifert werden müßen;
2206 4510 3698 4737 Hierauf nun seynd die Hherrn
2228 4632 3607 4828 vorstchere Statt und Arts
2244 4761 3580 4953 schlüßig worden, gleich nach
2212 4862 3669 5087 dem vor der Thir seyenden Heuet
2206 4982 3716 5178 wann in Zwishen das Geldnicht
2202 5113 3633 5297 in der gute eingezogen werden.
6623 425 6781 524 HII.
5252 487 6718 691 könte, die execution vorzu¬
5224 607 6714 792 nehmen und damit so lang zu
5240 702 6757 904 continuiren, biß ernelte 600 fl
5240 823 6660 1082 eingetriben und behöriger
5246 974 6755 1181 orthen weden gelifert worden
5216 1088 6702 1320 seyen. Da im übrigen wegen
5248 1187 6657 1441 deß H. Com̅issari Beiges,
5248 1324 6746 1528 der dem fechen Grafenberg
5204 1444 6801 1690 so wohl als der amtspflerg noch
5192 1575 6728 1820 restirender gelder, die veran¬
5218 1658 6716 1923 staltung unrrhalb. 14. Tager
5254 1779 6668 2034 gemacht werden solle, daß
5250 1892 6688 2131 diser son so lany anhaltende
5244 1965 6791 2280 handel entlich zu End gebracht
5256 2117 6795 2392 und außgemacht werden möchte.
5295 2414 6607 2620 Ein d. 19ten Maji A. c. auff
5287 2509 6775 2723 Nürttinger und Neufen erlaßenen
5299 2602 6789 2840 Helrsl: Special Befehl, das Deihte
5281 2685 6688 2923 fuhrwesen betrefend, wurde
5269 2790 6791 3029 pablicit und wie es damit gehalten
5281 2895 6720 3119 werden solle, in das omt auß¬
5273 3057 6292 3295 zuschreiben befohlen.
5242 3239 6763 3510 be heutiger AmbtsVerstimmlung wurden
5258 3394 6724 3568 die Beede Hochfurstl. befohle A. 4..
5263 3494 6734 3706 Nob. & 11. Febris d 17301. publicirt
5269 3593 6765 3831 Vermög deren der Nuu nominirte Stadt¬
5281 3734 6684 3950 und Ambtshreiber Georg Christoph
5222 3888 6698 4094 Seyboldt gost. confirmirt worden
5263 3999 6755 4201 jedochdt auch die getrobene Expi¬
5281 4142 6738 4318 tulation sowohl auf den ggst. con¬
5246 4248 6708 4486 firmoiten Stadtschl. Seybold, als auch
5214 4385 6698 4597 auf künftige deren Leccessores zu
5271 4516 6746 4702 obsewrr- und haltung sothauer Caepi¬
5263 4630 6714 4834 tulation ge. letificirt worden,
5269 4729 6716 4939 mit dem weiteren Anfang, dem Stadt
5265 4860 6803 5062 schreiber ein Exemplea von der Cxepitulation
5269 5018 6736 5196 nterbeziehung der Fürstl. rutification
5271 5117 6785 5356 corroborirt zuzustelten, von dem sellen
5252 5248 6767 5465 Gegen teoers zu Nehmen, und der Stadt
5295 5372 6771 5580 und Ambts legirt ractur behörig einzu¬
